time,bid,ask,last,volume,time_msc,flags,volume_real
2024-06-20 09:04:00.008,1.27118,1.27118,0.0,0,1718861640008,134,0.0
2024-06-20 09:04:00.211,1.2711700000000001,1.2711700000000001,0.0,0,1718861640211,134,0.0
2024-06-20 09:04:02.210,1.27118,1.27118,0.0,0,1718861642210,134,0.0
2024-06-20 09:04:03.013,1.2711700000000001,1.2711700000000001,0.0,0,1718861643013,134,0.0
2024-06-20 09:04:05.418,1.27118,1.27118,0.0,0,1718861645418,134,0.0
2024-06-20 09:04:10.784,1.27119,1.27119,0.0,0,1718861650784,134,0.0
2024-06-20 09:04:10.958,1.2711999999999999,1.2711999999999999,0.0,0,1718861650958,134,0.0
2024-06-20 09:04:18.472,1.27118,1.27118,0.0,0,1718861658472,134,0.0
2024-06-20 09:04:19.171,1.27119,1.27119,0.0,0,1718861659171,134,0.0
2024-06-20 09:04:30.495,1.27118,1.27118,0.0,0,1718861670495,134,0.0
2024-06-20 09:04:32.308,1.2711700000000001,1.2711700000000001,0.0,0,1718861672308,134,0.0
2024-06-20 09:04:43.117,1.27118,1.27118,0.0,0,1718861683117,134,0.0
2024-06-20 09:04:43.213,1.2711700000000001,1.2711700000000001,0.0,0,1718861683213,134,0.0
2024-06-20 09:04:43.620,1.27118,1.27118,0.0,0,1718861683620,134,0.0
2024-06-20 09:04:44.016,1.2711700000000001,1.2711700000000001,0.0,0,1718861684016,134,0.0
2024-06-20 09:04:49.996,1.27116,1.27116,0.0,0,1718861689996,134,0.0
2024-06-20 09:04:50.093,1.2711700000000001,1.2711700000000001,0.0,0,1718861690093,134,0.0
2024-06-20 09:04:59.012,1.27116,1.27116,0.0,0,1718861699012,134,0.0
2024-06-20 09:04:59.118,1.27114,1.27114,0.0,0,1718861699118,134,0.0
2024-06-20 09:04:59.215,1.27115,1.27115,0.0,0,1718861699215,134,0.0
2024-06-20 09:05:00.013,1.27115,1.27115,0.0,0,1718861700013,130,0.0
2024-06-20 09:05:04.232,1.27114,1.27114,0.0,0,1718861704232,134,0.0
2024-06-20 09:05:04.319,1.27115,1.27115,0.0,0,1718861704319,134,0.0
2024-06-20 09:05:04.416,1.27116,1.27116,0.0,0,1718861704416,134,0.0
2024-06-20 09:05:04.525,1.27115,1.27115,0.0,0,1718861704525,134,0.0
2024-06-20 09:05:04.717,1.27116,1.27116,0.0,0,1718861704717,134,0.0
2024-06-20 09:05:12.034,1.27116,1.2711700000000001,0.0,0,1718861712034,4,0.0
2024-06-20 09:05:12.233,1.2711700000000001,1.2711700000000001,0.0,0,1718861712233,130,0.0
2024-06-20 09:05:12.433,1.27116,1.2711700000000001,0.0,0,1718861712433,130,0.0
2024-06-20 09:05:14.335,1.27116,1.27116,0.0,0,1718861714335,4,0.0
2024-06-20 09:05:26.191,1.27111,1.27111,0.0,0,1718861726191,134,0.0
2024-06-20 09:05:26.385,1.27109,1.27109,0.0,0,1718861726385,134,0.0
2024-06-20 09:05:26.783,1.27108,1.27108,0.0,0,1718861726783,134,0.0
2024-06-20 09:05:27.084,1.27109,1.27109,0.0,0,1718861727084,134,0.0
2024-06-20 09:05:27.187,1.27108,1.27108,0.0,0,1718861727187,134,0.0
2024-06-20 09:05:28.086,1.27109,1.27109,0.0,0,1718861728086,134,0.0
2024-06-20 09:05:34.799,1.2711000000000001,1.2711000000000001,0.0,0,1718861734799,134,0.0
2024-06-20 09:05:41.467,1.27111,1.27111,0.0,0,1718861741467,134,0.0
2024-06-20 09:05:42.284,1.2711000000000001,1.2711000000000001,0.0,0,1718861742284,134,0.0
2024-06-20 09:05:47.387,1.27109,1.27109,0.0,0,1718861747387,134,0.0
2024-06-20 09:05:50.484,1.2711000000000001,1.2711000000000001,0.0,0,1718861750484,134,0.0
2024-06-20 09:05:52.187,1.27109,1.27109,0.0,0,1718861752187,134,0.0
2024-06-20 09:05:57.351,1.2711000000000001,1.2711000000000001,0.0,0,1718861757351,134,0.0
2024-06-20 09:05:59.711,1.27115,1.27115,0.0,0,1718861759711,134,0.0
2024-06-20 09:05:59.810,1.2711700000000001,1.2711700000000001,0.0,0,1718861759810,134,0.0
2024-06-20 09:06:00.036,1.2711700000000001,1.2711700000000001,0.0,0,1718861760036,130,0.0
2024-06-20 09:06:04.399,1.27116,1.27116,0.0,0,1718861764399,134,0.0
2024-06-20 09:06:04.600,1.2711700000000001,1.2711700000000001,0.0,0,1718861764600,134,0.0
2024-06-20 09:06:04.802,1.27116,1.27116,0.0,0,1718861764802,134,0.0
2024-06-20 09:06:04.901,1.2711700000000001,1.2711700000000001,0.0,0,1718861764901,134,0.0
2024-06-20 09:06:05.303,1.27116,1.27116,0.0,0,1718861765303,134,0.0
2024-06-20 09:06:05.402,1.27116,1.2711700000000001,0.0,0,1718861765402,4,0.0
2024-06-20 09:06:05.602,1.27116,1.27116,0.0,0,1718861765602,4,0.0
2024-06-20 09:06:05.701,1.2711700000000001,1.2711700000000001,0.0,0,1718861765701,134,0.0
2024-06-20 09:06:18.730,1.27118,1.27118,0.0,0,1718861778730,134,0.0
2024-06-20 09:06:18.821,1.27118,1.27119,0.0,0,1718861778821,4,0.0
2024-06-20 09:06:19.020,1.27118,1.27118,0.0,0,1718861779020,4,0.0
2024-06-20 09:06:19.220,1.27118,1.27119,0.0,0,1718861779220,4,0.0
2024-06-20 09:06:19.420,1.27118,1.27118,0.0,0,1718861779420,4,0.0
2024-06-20 09:06:19.720,1.27118,1.27119,0.0,0,1718861779720,4,0.0
2024-06-20 09:06:19.920,1.27118,1.27118,0.0,0,1718861779920,4,0.0
2024-06-20 09:06:20.221,1.27118,1.27119,0.0,0,1718861780221,4,0.0
2024-06-20 09:06:22.270,1.27118,1.27118,0.0,0,1718861782270,4,0.0
2024-06-20 09:06:22.347,1.2711700000000001,1.27118,0.0,0,1718861782347,130,0.0
2024-06-20 09:06:26.036,1.27118,1.27118,0.0,0,1718861786036,130,0.0
2024-06-20 09:06:26.140,1.2711700000000001,1.27118,0.0,0,1718861786140,130,0.0
2024-06-20 09:06:26.333,1.2711700000000001,1.2711700000000001,0.0,0,1718861786333,4,0.0
2024-06-20 09:06:28.639,1.2711700000000001,1.27118,0.0,0,1718861788639,4,0.0
2024-06-20 09:06:29.246,1.2711700000000001,1.2711700000000001,0.0,0,1718861789246,4,0.0
2024-06-20 09:06:29.547,1.27118,1.27118,0.0,0,1718861789547,134,0.0
2024-06-20 09:06:30.041,1.2711700000000001,1.27118,0.0,0,1718861790041,130,0.0
2024-06-20 09:06:31.048,1.27118,1.27118,0.0,0,1718861791048,130,0.0
2024-06-20 09:06:31.946,1.2711700000000001,1.2711700000000001,0.0,0,1718861791946,134,0.0
2024-06-20 09:06:32.148,1.27118,1.27118,0.0,0,1718861792148,134,0.0
2024-06-20 09:06:32.249,1.27118,1.27119,0.0,0,1718861792249,4,0.0
2024-06-20 09:06:32.447,1.27118,1.27118,0.0,0,1718861792447,4,0.0
2024-06-20 09:06:33.246,1.27118,1.27119,0.0,0,1718861793246,4,0.0
2024-06-20 09:06:34.452,1.27118,1.27118,0.0,0,1718861794452,4,0.0
2024-06-20 09:06:35.052,1.27118,1.27119,0.0,0,1718861795052,4,0.0
2024-06-20 09:06:35.249,1.27118,1.27118,0.0,0,1718861795249,4,0.0
2024-06-20 09:06:37.286,1.2711700000000001,1.2711700000000001,0.0,0,1718861797286,134,0.0
2024-06-20 09:06:42.565,1.27116,1.27116,0.0,0,1718861802565,134,0.0
2024-06-20 09:06:42.957,1.27115,1.27115,0.0,0,1718861802957,134,0.0
2024-06-20 09:06:43.659,1.27116,1.27116,0.0,0,1718861803659,134,0.0
2024-06-20 09:06:57.364,1.2711700000000001,1.2711700000000001,0.0,0,1718861817364,134,0.0
2024-06-20 09:06:57.667,1.27116,1.27116,0.0,0,1718861817667,134,0.0
2024-06-20 09:07:00.073,1.27116,1.27116,0.0,0,1718861820073,130,0.0
2024-06-20 09:07:00.174,1.27115,1.27115,0.0,0,1718861820174,134,0.0
2024-06-20 09:07:00.473,1.27116,1.27116,0.0,0,1718861820473,134,0.0
2024-06-20 09:07:03.375,1.27115,1.27115,0.0,0,1718861823375,134,0.0
2024-06-20 09:07:03.481,1.27112,1.27112,0.0,0,1718861823481,134,0.0
2024-06-20 09:07:04.574,1.27111,1.27111,0.0,0,1718861824574,134,0.0
2024-06-20 09:07:04.674,1.27112,1.27112,0.0,0,1718861824674,134,0.0
2024-06-20 09:07:05.676,1.27111,1.27111,0.0,0,1718861825676,134,0.0
2024-06-20 09:07:06.282,1.2711000000000001,1.2711000000000001,0.0,0,1718861826282,134,0.0
2024-06-20 09:07:06.876,1.27109,1.27109,0.0,0,1718861826876,134,0.0
2024-06-20 09:07:07.078,1.27108,1.27108,0.0,0,1718861827078,134,0.0
2024-06-20 09:07:07.184,1.27109,1.27109,0.0,0,1718861827184,134,0.0
2024-06-20 09:07:07.280,1.2711000000000001,1.2711000000000001,0.0,0,1718861827280,134,0.0
2024-06-20 09:07:07.380,1.27109,1.27109,0.0,0,1718861827380,134,0.0
2024-06-20 09:07:07.485,1.27108,1.27108,0.0,0,1718861827485,134,0.0
2024-06-20 09:07:10.286,1.27109,1.27109,0.0,0,1718861830286,134,0.0
2024-06-20 09:07:12.490,1.2711000000000001,1.2711000000000001,0.0,0,1718861832490,134,0.0
2024-06-20 09:07:15.796,1.27109,1.27109,0.0,0,1718861835796,134,0.0
2024-06-20 09:07:16.298,1.2711000000000001,1.2711000000000001,0.0,0,1718861836298,134,0.0
2024-06-20 09:07:17.795,1.27109,1.27109,0.0,0,1718861837795,134,0.0
2024-06-20 09:07:18.094,1.2711000000000001,1.2711000000000001,0.0,0,1718861838094,134,0.0
2024-06-20 09:07:23.602,1.27108,1.27108,0.0,0,1718861843602,134,0.0
2024-06-20 09:07:25.504,1.27109,1.27109,0.0,0,1718861845504,134,0.0
2024-06-20 09:07:26.102,1.2711000000000001,1.2711000000000001,0.0,0,1718861846102,134,0.0
2024-06-20 09:07:26.401,1.27109,1.27109,0.0,0,1718861846401,134,0.0
2024-06-20 09:07:26.500,1.2711000000000001,1.2711000000000001,0.0,0,1718861846500,134,0.0
2024-06-20 09:07:26.705,1.27109,1.27109,0.0,0,1718861846705,134,0.0
2024-06-20 09:07:26.900,1.2711000000000001,1.2711000000000001,0.0,0,1718861846900,134,0.0
2024-06-20 09:07:27.001,1.27109,1.27109,0.0,0,1718861847001,134,0.0
2024-06-20 09:07:27.602,1.2711000000000001,1.2711000000000001,0.0,0,1718861847602,134,0.0
2024-06-20 09:07:28.105,1.27109,1.27109,0.0,0,1718861848105,134,0.0
2024-06-20 09:07:28.606,1.2711000000000001,1.2711000000000001,0.0,0,1718861848606,134,0.0
2024-06-20 09:07:30.105,1.27111,1.27111,0.0,0,1718861850105,134,0.0
2024-06-20 09:07:44.406,1.27115,1.27115,0.0,0,1718861864406,134,0.0
2024-06-20 09:07:44.506,1.2711700000000001,1.2711700000000001,0.0,0,1718861864506,134,0.0
2024-06-20 09:07:49.729,1.27118,1.27118,0.0,0,1718861869729,134,0.0
2024-06-20 09:07:50.832,1.27119,1.27119,0.0,0,1718861870832,134,0.0
2024-06-20 09:07:51.137,1.27114,1.27114,0.0,0,1718861871137,134,0.0
2024-06-20 09:07:51.336,1.2711299999999999,1.2711299999999999,0.0,0,1718861871336,134,0.0
2024-06-20 09:07:51.534,1.27112,1.27112,0.0,0,1718861871534,134,0.0
2024-06-20 09:07:53.632,1.27111,1.27111,0.0,0,1718861873632,134,0.0
2024-06-20 09:08:00.140,1.27111,1.27111,0.0,0,1718861880140,130,0.0
2024-06-20 09:08:19.835,1.27112,1.27112,0.0,0,1718861899835,134,0.0
2024-06-20 09:08:20.836,1.2711299999999999,1.2711299999999999,0.0,0,1718861900836,134,0.0
2024-06-20 09:08:20.937,1.27118,1.27118,0.0,0,1718861900937,134,0.0
2024-06-20 09:08:21.038,1.27114,1.27114,0.0,0,1718861901038,134,0.0
2024-06-20 09:08:21.135,1.27112,1.27112,0.0,0,1718861901135,134,0.0
2024-06-20 09:08:24.646,1.27111,1.27111,0.0,0,1718861904646,134,0.0
2024-06-20 09:08:24.944,1.27112,1.27112,0.0,0,1718861904944,134,0.0
2024-06-20 09:08:25.738,1.27111,1.27111,0.0,0,1718861905738,134,0.0
2024-06-20 09:08:26.639,1.27112,1.27112,0.0,0,1718861906639,134,0.0
2024-06-20 09:08:26.941,1.27111,1.27111,0.0,0,1718861906941,134,0.0
2024-06-20 09:08:27.842,1.27112,1.27112,0.0,0,1718861907842,134,0.0
2024-06-20 09:08:27.943,1.27111,1.27111,0.0,0,1718861907943,134,0.0
2024-06-20 09:08:35.158,1.27112,1.27112,0.0,0,1718861915158,134,0.0
2024-06-20 09:08:42.356,1.27111,1.27111,0.0,0,1718861922356,134,0.0
2024-06-20 09:08:42.654,1.27112,1.27112,0.0,0,1718861922654,134,0.0
2024-06-20 09:08:44.556,1.27111,1.27111,0.0,0,1718861924556,134,0.0
2024-06-20 09:08:53.367,1.27112,1.27112,0.0,0,1718861933367,134,0.0
2024-06-20 09:09:01.083,1.2711299999999999,1.2711299999999999,0.0,0,1718861941083,134,0.0
2024-06-20 09:09:02.692,1.27112,1.27112,0.0,0,1718861942692,134,0.0
2024-06-20 09:09:12.397,1.2711299999999999,1.2711299999999999,0.0,0,1718861952397,134,0.0
2024-06-20 09:09:14.098,1.27112,1.27112,0.0,0,1718861954098,134,0.0
2024-06-20 09:09:15.399,1.2711299999999999,1.2711299999999999,0.0,0,1718861955399,134,0.0
2024-06-20 09:09:16.604,1.27112,1.27112,0.0,0,1718861956604,134,0.0
2024-06-20 09:09:21.513,1.2711299999999999,1.2711299999999999,0.0,0,1718861961513,134,0.0
2024-06-20 09:09:22.427,1.27112,1.27112,0.0,0,1718861962427,134,0.0
2024-06-20 09:09:25.628,1.2711299999999999,1.2711299999999999,0.0,0,1718861965628,134,0.0
2024-06-20 09:09:34.128,1.27112,1.27112,0.0,0,1718861974128,134,0.0
2024-06-20 09:09:35.033,1.27111,1.27111,0.0,0,1718861975033,134,0.0
2024-06-20 09:09:35.729,1.27112,1.27112,0.0,0,1718861975729,134,0.0
2024-06-20 09:09:37.031,1.27111,1.27111,0.0,0,1718861977031,134,0.0
2024-06-20 09:09:40.420,1.27112,1.27112,0.0,0,1718861980420,134,0.0
2024-06-20 09:09:44.579,1.27111,1.27111,0.0,0,1718861984579,134,0.0
2024-06-20 09:09:45.981,1.27112,1.27112,0.0,0,1718861985981,134,0.0
2024-06-20 09:09:46.881,1.27111,1.27111,0.0,0,1718861986881,134,0.0
2024-06-20 09:09:47.184,1.27112,1.27112,0.0,0,1718861987184,134,0.0
2024-06-20 09:09:47.284,1.27111,1.27111,0.0,0,1718861987284,134,0.0
2024-06-20 09:09:48.119,1.27112,1.27112,0.0,0,1718861988119,134,0.0
2024-06-20 09:09:49.823,1.27111,1.27111,0.0,0,1718861989823,134,0.0
2024-06-20 09:09:52.623,1.27112,1.27112,0.0,0,1718861992623,134,0.0
2024-06-20 09:09:58.732,1.27111,1.27111,0.0,0,1718861998732,134,0.0
2024-06-20 09:09:59.128,1.27112,1.27112,0.0,0,1718861999128,134,0.0
2024-06-20 09:10:00.131,1.27112,1.27112,0.0,0,1718862000131,130,0.0
2024-06-20 09:10:06.975,1.2711299999999999,1.2711299999999999,0.0,0,1718862006975,134,0.0
2024-06-20 09:10:11.450,1.27112,1.27112,0.0,0,1718862011450,134,0.0
2024-06-20 09:10:15.765,1.2711000000000001,1.2711000000000001,0.0,0,1718862015765,134,0.0
2024-06-20 09:10:21.060,1.27109,1.27109,0.0,0,1718862021060,134,0.0
2024-06-20 09:10:24.266,1.2711000000000001,1.2711000000000001,0.0,0,1718862024266,134,0.0
2024-06-20 09:10:25.871,1.27109,1.27109,0.0,0,1718862025871,134,0.0
2024-06-20 09:10:26.067,1.2711000000000001,1.2711000000000001,0.0,0,1718862026067,134,0.0
2024-06-20 09:10:28.474,1.27109,1.27109,0.0,0,1718862028474,134,0.0
2024-06-20 09:10:28.572,1.27108,1.27108,0.0,0,1718862028572,134,0.0
2024-06-20 09:10:32.603,1.27108,1.27109,0.0,0,1718862032603,4,0.0
2024-06-20 09:10:32.806,1.27109,1.27109,0.0,0,1718862032806,130,0.0
2024-06-20 09:10:34.309,1.27108,1.27108,0.0,0,1718862034309,134,0.0
2024-06-20 09:10:34.808,1.27109,1.27109,0.0,0,1718862034808,134,0.0
2024-06-20 09:10:35.010,1.2711000000000001,1.2711000000000001,0.0,0,1718862035010,134,0.0
2024-06-20 09:10:37.814,1.27109,1.27109,0.0,0,1718862037814,134,0.0
2024-06-20 09:10:39.622,1.27108,1.27108,0.0,0,1718862039622,134,0.0
2024-06-20 09:10:39.826,1.27109,1.27109,0.0,0,1718862039826,134,0.0
2024-06-20 09:10:40.122,1.27108,1.27108,0.0,0,1718862040122,134,0.0
2024-06-20 09:10:40.420,1.27109,1.27109,0.0,0,1718862040420,134,0.0
2024-06-20 09:10:42.824,1.27108,1.27108,0.0,0,1718862042824,134,0.0
2024-06-20 09:10:44.028,1.27109,1.27109,0.0,0,1718862044028,134,0.0
2024-06-20 09:10:44.124,1.2711000000000001,1.2711000000000001,0.0,0,1718862044124,134,0.0
2024-06-20 09:10:46.229,1.27109,1.27109,0.0,0,1718862046229,134,0.0
2024-06-20 09:10:55.341,1.27108,1.27109,0.0,0,1718862055341,130,0.0
2024-06-20 09:10:55.646,1.27109,1.27109,0.0,0,1718862055646,130,0.0
2024-06-20 09:10:56.143,1.27108,1.27109,0.0,0,1718862056143,130,0.0
2024-06-20 09:10:57.143,1.27109,1.27109,0.0,0,1718862057143,130,0.0
2024-06-20 09:11:00.150,1.27109,1.27109,0.0,0,1718862060150,130,0.0
2024-06-20 09:11:04.255,1.2711000000000001,1.2711000000000001,0.0,0,1718862064255,134,0.0
2024-06-20 09:11:04.854,1.27109,1.27109,0.0,0,1718862064854,134,0.0
2024-06-20 09:11:08.970,1.27106,1.27106,0.0,0,1718862068970,134,0.0
2024-06-20 09:11:09.067,1.27103,1.27103,0.0,0,1718862069067,134,0.0
2024-06-20 09:11:13.257,1.27102,1.27102,0.0,0,1718862073257,134,0.0
2024-06-20 09:11:13.762,1.27103,1.27103,0.0,0,1718862073762,134,0.0
2024-06-20 09:11:16.362,1.27102,1.27102,0.0,0,1718862076362,134,0.0
2024-06-20 09:11:16.459,1.27101,1.27101,0.0,0,1718862076459,134,0.0
2024-06-20 09:11:24.073,1.27102,1.27102,0.0,0,1718862084073,134,0.0
2024-06-20 09:11:24.172,1.27103,1.27103,0.0,0,1718862084172,134,0.0
2024-06-20 09:11:26.176,1.27102,1.27102,0.0,0,1718862086176,134,0.0
2024-06-20 09:11:27.476,1.27103,1.27103,0.0,0,1718862087476,134,0.0
2024-06-20 09:11:32.195,1.27107,1.27107,0.0,0,1718862092195,134,0.0
2024-06-20 09:11:34.494,1.27106,1.27106,0.0,0,1718862094494,134,0.0
2024-06-20 09:11:34.997,1.27107,1.27107,0.0,0,1718862094997,134,0.0
2024-06-20 09:11:38.502,1.27108,1.27108,0.0,0,1718862098502,134,0.0
2024-06-20 09:11:41.903,1.2711000000000001,1.2711000000000001,0.0,0,1718862101903,134,0.0
2024-06-20 09:11:43.103,1.27109,1.27109,0.0,0,1718862103103,134,0.0
2024-06-20 09:11:44.604,1.2711000000000001,1.2711000000000001,0.0,0,1718862104604,134,0.0
2024-06-20 09:11:44.803,1.27109,1.27109,0.0,0,1718862104803,134,0.0
2024-06-20 09:11:45.705,1.2711000000000001,1.2711000000000001,0.0,0,1718862105705,134,0.0
2024-06-20 09:11:46.820,1.27109,1.27109,0.0,0,1718862106820,134,0.0
2024-06-20 09:11:48.078,1.27108,1.27108,0.0,0,1718862108078,134,0.0
2024-06-20 09:11:51.088,1.27109,1.27109,0.0,0,1718862111088,134,0.0
2024-06-20 09:11:55.994,1.27108,1.27108,0.0,0,1718862115994,134,0.0
2024-06-20 09:11:56.694,1.27109,1.27109,0.0,0,1718862116694,134,0.0
2024-06-20 09:12:00.100,1.27108,1.27108,0.0,0,1718862120100,134,0.0
2024-06-20 09:12:00.898,1.27109,1.27109,0.0,0,1718862120898,134,0.0
2024-06-20 09:12:05.001,1.27108,1.27108,0.0,0,1718862125001,134,0.0
2024-06-20 09:12:05.301,1.27109,1.27109,0.0,0,1718862125301,134,0.0
2024-06-20 09:12:06.099,1.27108,1.27108,0.0,0,1718862126099,134,0.0
2024-06-20 09:12:06.299,1.27109,1.27109,0.0,0,1718862126299,134,0.0
2024-06-20 09:12:18.195,1.27108,1.27108,0.0,0,1718862138195,134,0.0
2024-06-20 09:12:20.666,1.27109,1.27109,0.0,0,1718862140666,134,0.0
2024-06-20 09:12:21.172,1.27108,1.27108,0.0,0,1718862141172,134,0.0
2024-06-20 09:12:22.069,1.27109,1.27109,0.0,0,1718862142069,134,0.0
2024-06-20 09:12:25.980,1.2711000000000001,1.2711000000000001,0.0,0,1718862145980,134,0.0
2024-06-20 09:12:26.488,1.27115,1.27115,0.0,0,1718862146488,134,0.0
2024-06-20 09:12:26.582,1.27115,1.27116,0.0,0,1718862146582,4,0.0
2024-06-20 09:12:26.785,1.27116,1.27116,0.0,0,1718862146785,130,0.0
2024-06-20 09:12:27.981,1.27116,1.2711700000000001,0.0,0,1718862147981,4,0.0
2024-06-20 09:12:30.706,1.27116,1.27116,0.0,0,1718862150706,4,0.0
2024-06-20 09:12:36.681,1.27114,1.27114,0.0,0,1718862156681,134,0.0
2024-06-20 09:12:36.785,1.2711299999999999,1.2711299999999999,0.0,0,1718862156785,134,0.0
2024-06-20 09:12:37.383,1.27114,1.27115,0.0,0,1718862157383,134,0.0
2024-06-20 09:12:37.482,1.27116,1.27116,0.0,0,1718862157482,134,0.0
2024-06-20 09:12:39.287,1.27116,1.2711700000000001,0.0,0,1718862159287,4,0.0
2024-06-20 09:12:40.988,1.27116,1.27116,0.0,0,1718862160988,4,0.0
2024-06-20 09:12:41.490,1.27116,1.2711700000000001,0.0,0,1718862161490,4,0.0
2024-06-20 09:12:41.985,1.27116,1.27116,0.0,0,1718862161985,4,0.0
2024-06-20 09:12:42.585,1.27116,1.2711700000000001,0.0,0,1718862162585,4,0.0
2024-06-20 09:12:44.602,1.27116,1.27116,0.0,0,1718862164602,4,0.0
2024-06-20 09:12:46.204,1.27115,1.27115,0.0,0,1718862166204,134,0.0
2024-06-20 09:12:46.299,1.2711000000000001,1.27111,0.0,0,1718862166299,134,0.0
2024-06-20 09:12:46.996,1.2711000000000001,1.2711000000000001,0.0,0,1718862166996,4,0.0
2024-06-20 09:12:47.800,1.2711000000000001,1.27111,0.0,0,1718862167800,4,0.0
2024-06-20 09:12:47.897,1.2711000000000001,1.2711000000000001,0.0,0,1718862167897,4,0.0
2024-06-20 09:12:47.997,1.2711000000000001,1.27111,0.0,0,1718862167997,4,0.0
2024-06-20 09:12:49.803,1.2711000000000001,1.2711000000000001,0.0,0,1718862169803,4,0.0
2024-06-20 09:13:00.088,1.2711000000000001,1.2711000000000001,0.0,0,1718862180088,130,0.0
2024-06-20 09:13:00.219,1.27111,1.27111,0.0,0,1718862180219,134,0.0
2024-06-20 09:13:03.193,1.2711000000000001,1.2711000000000001,0.0,0,1718862183193,134,0.0
2024-06-20 09:13:03.300,1.27108,1.27108,0.0,0,1718862183300,134,0.0
2024-06-20 09:13:03.593,1.2711000000000001,1.2711000000000001,0.0,0,1718862183593,134,0.0
2024-06-20 09:13:04.091,1.27109,1.27109,0.0,0,1718862184091,134,0.0
2024-06-20 09:13:04.292,1.2711000000000001,1.2711000000000001,0.0,0,1718862184292,134,0.0
2024-06-20 09:13:05.495,1.27111,1.27111,0.0,0,1718862185495,134,0.0
2024-06-20 09:13:05.895,1.2711000000000001,1.2711000000000001,0.0,0,1718862185895,134,0.0
2024-06-20 09:13:06.195,1.27111,1.27111,0.0,0,1718862186195,134,0.0
2024-06-20 09:13:06.695,1.27112,1.27112,0.0,0,1718862186695,134,0.0
2024-06-20 09:13:10.999,1.27111,1.27111,0.0,0,1718862190999,134,0.0
2024-06-20 09:13:11.297,1.27112,1.27112,0.0,0,1718862191297,134,0.0
2024-06-20 09:13:13.411,1.27111,1.27111,0.0,0,1718862193411,134,0.0
2024-06-20 09:13:15.214,1.27112,1.27112,0.0,0,1718862195214,134,0.0
2024-06-20 09:13:15.414,1.27111,1.27111,0.0,0,1718862195414,134,0.0
2024-06-20 09:13:17.621,1.27112,1.27112,0.0,0,1718862197621,134,0.0
2024-06-20 09:13:17.918,1.27111,1.27111,0.0,0,1718862197918,134,0.0
2024-06-20 09:13:20.545,1.27112,1.27112,0.0,0,1718862200545,134,0.0
2024-06-20 09:13:26.409,1.27111,1.27111,0.0,0,1718862206409,134,0.0
2024-06-20 09:13:27.213,1.27112,1.27112,0.0,0,1718862207213,134,0.0
2024-06-20 09:13:39.295,1.27111,1.27111,0.0,0,1718862219295,134,0.0
2024-06-20 09:13:41.712,1.27112,1.27112,0.0,0,1718862221712,134,0.0
2024-06-20 09:13:41.919,1.2711299999999999,1.2711299999999999,0.0,0,1718862221919,134,0.0
2024-06-20 09:13:42.311,1.27112,1.27112,0.0,0,1718862222311,134,0.0
2024-06-20 09:13:46.094,1.2711299999999999,1.2711299999999999,0.0,0,1718862226094,134,0.0
2024-06-20 09:13:47.293,1.27112,1.27112,0.0,0,1718862227293,134,0.0
2024-06-20 09:13:47.693,1.2711299999999999,1.2711299999999999,0.0,0,1718862227693,134,0.0
2024-06-20 09:13:52.015,1.27112,1.27112,0.0,0,1718862232015,134,0.0
2024-06-20 09:13:55.535,1.27114,1.27114,0.0,0,1718862235535,134,0.0
2024-06-20 09:13:56.027,1.2711299999999999,1.2711299999999999,0.0,0,1718862236027,134,0.0
2024-06-20 09:14:00.533,1.2711299999999999,1.2711299999999999,0.0,0,1718862240533,130,0.0
2024-06-20 09:14:01.686,1.27118,1.27118,0.0,0,1718862241686,134,0.0
2024-06-20 09:14:02.073,1.2711700000000001,1.2711700000000001,0.0,0,1718862242073,134,0.0
2024-06-20 09:14:02.268,1.2711700000000001,1.27118,0.0,0,1718862242268,4,0.0
2024-06-20 09:14:02.766,1.2711700000000001,1.2711700000000001,0.0,0,1718862242766,4,0.0
2024-06-20 09:14:03.671,1.27118,1.27118,0.0,0,1718862243671,134,0.0
2024-06-20 09:14:10.013,1.2711700000000001,1.2711700000000001,0.0,0,1718862250013,134,0.0
2024-06-20 09:14:10.617,1.27116,1.27116,0.0,0,1718862250617,134,0.0
2024-06-20 09:14:10.812,1.27115,1.27115,0.0,0,1718862250812,134,0.0
2024-06-20 09:14:11.011,1.27116,1.27116,0.0,0,1718862251011,134,0.0
2024-06-20 09:14:11.113,1.27114,1.27114,0.0,0,1718862251113,134,0.0
2024-06-20 09:14:11.416,1.27116,1.27116,0.0,0,1718862251416,134,0.0
2024-06-20 09:14:11.517,1.2711700000000001,1.2711700000000001,0.0,0,1718862251517,134,0.0
2024-06-20 09:14:11.916,1.27116,1.27116,0.0,0,1718862251916,134,0.0
2024-06-20 09:14:14.928,1.2711700000000001,1.2711700000000001,0.0,0,1718862254928,134,0.0
2024-06-20 09:14:15.021,1.27118,1.27118,0.0,0,1718862255021,134,0.0
2024-06-20 09:14:15.217,1.2711700000000001,1.2711700000000001,0.0,0,1718862255217,134,0.0
2024-06-20 09:14:15.514,1.27118,1.27118,0.0,0,1718862255514,134,0.0
2024-06-20 09:14:16.218,1.2711700000000001,1.2711700000000001,0.0,0,1718862256218,134,0.0
2024-06-20 09:14:21.659,1.27118,1.27118,0.0,0,1718862261659,134,0.0
2024-06-20 09:14:23.390,1.2711700000000001,1.2711700000000001,0.0,0,1718862263390,134,0.0
2024-06-20 09:14:29.302,1.27118,1.27118,0.0,0,1718862269302,134,0.0
2024-06-20 09:14:39.655,1.2711700000000001,1.2711700000000001,0.0,0,1718862279655,134,0.0
2024-06-20 09:14:41.067,1.27116,1.27116,0.0,0,1718862281067,134,0.0
2024-06-20 09:14:41.162,1.27115,1.27115,0.0,0,1718862281162,134,0.0
2024-06-20 09:14:42.857,1.27114,1.27114,0.0,0,1718862282857,134,0.0
2024-06-20 09:14:46.361,1.27115,1.27115,0.0,0,1718862286361,134,0.0
2024-06-20 09:14:46.662,1.27114,1.27114,0.0,0,1718862286662,134,0.0
2024-06-20 09:14:46.861,1.27115,1.27115,0.0,0,1718862286861,134,0.0
2024-06-20 09:14:47.969,1.2711700000000001,1.2711700000000001,0.0,0,1718862287969,134,0.0
2024-06-20 09:14:52.375,1.27118,1.27118,0.0,0,1718862292375,134,0.0
2024-06-20 09:14:54.572,1.2711700000000001,1.2711700000000001,0.0,0,1718862294572,134,0.0
2024-06-20 09:15:00.178,1.2711700000000001,1.2711700000000001,0.0,0,1718862300178,130,0.0
2024-06-20 09:15:00.481,1.27118,1.27118,0.0,0,1718862300481,134,0.0
2024-06-20 09:15:00.589,1.27119,1.27119,0.0,0,1718862300589,134,0.0
2024-06-20 09:15:04.681,1.27118,1.27118,0.0,0,1718862304681,134,0.0
2024-06-20 09:15:04.881,1.27119,1.27119,0.0,0,1718862304881,134,0.0
2024-06-20 09:15:06.680,1.27118,1.27118,0.0,0,1718862306680,134,0.0
2024-06-20 09:15:07.192,1.27119,1.27119,0.0,0,1718862307192,134,0.0
2024-06-20 09:15:08.581,1.27118,1.27118,0.0,0,1718862308581,134,0.0
2024-06-20 09:15:10.089,1.27119,1.27119,0.0,0,1718862310089,134,0.0
2024-06-20 09:15:10.184,1.2711999999999999,1.2711999999999999,0.0,0,1718862310184,134,0.0
2024-06-20 09:15:11.686,1.27119,1.27119,0.0,0,1718862311686,134,0.0
2024-06-20 09:15:11.785,1.2711999999999999,1.2711999999999999,0.0,0,1718862311785,134,0.0
2024-06-20 09:15:12.795,1.27121,1.27121,0.0,0,1718862312795,134,0.0
2024-06-20 09:15:16.093,1.2711999999999999,1.2711999999999999,0.0,0,1718862316093,134,0.0
2024-06-20 09:15:16.292,1.27121,1.27121,0.0,0,1718862316292,134,0.0
2024-06-20 09:15:17.995,1.2711999999999999,1.2711999999999999,0.0,0,1718862317995,134,0.0
2024-06-20 09:15:26.202,1.27119,1.27119,0.0,0,1718862326202,134,0.0
2024-06-20 09:15:44.085,1.27118,1.27118,0.0,0,1718862344085,134,0.0
2024-06-20 09:15:49.889,1.27119,1.27119,0.0,0,1718862349889,134,0.0
2024-06-20 09:15:54.032,1.27118,1.27118,0.0,0,1718862354032,134,0.0
2024-06-20 09:15:54.497,1.2711700000000001,1.2711700000000001,0.0,0,1718862354497,134,0.0
2024-06-20 09:16:00.492,1.2711700000000001,1.2711700000000001,0.0,0,1718862360492,130,0.0
2024-06-20 09:16:05.018,1.27116,1.27116,0.0,0,1718862365018,134,0.0
2024-06-20 09:16:05.217,1.2711700000000001,1.2711700000000001,0.0,0,1718862365217,134,0.0
2024-06-20 09:16:09.783,1.27116,1.27116,0.0,0,1718862369783,134,0.0
2024-06-20 09:16:09.879,1.27115,1.27115,0.0,0,1718862369879,134,0.0
2024-06-20 09:16:10.082,1.27114,1.27114,0.0,0,1718862370082,134,0.0
2024-06-20 09:16:17.202,1.27116,1.27116,0.0,0,1718862377202,134,0.0
2024-06-20 09:16:17.364,1.2711700000000001,1.2711700000000001,0.0,0,1718862377364,134,0.0
2024-06-20 09:16:18.405,1.27116,1.27116,0.0,0,1718862378405,134,0.0
2024-06-20 09:16:23.093,1.2711700000000001,1.2711700000000001,0.0,0,1718862383093,134,0.0
2024-06-20 09:16:23.201,1.27118,1.27118,0.0,0,1718862383201,134,0.0
2024-06-20 09:16:23.900,1.27118,1.27119,0.0,0,1718862383900,4,0.0
2024-06-20 09:16:29.797,1.27118,1.27118,0.0,0,1718862389797,4,0.0
2024-06-20 09:16:30.304,1.27118,1.27119,0.0,0,1718862390304,4,0.0
2024-06-20 09:16:30.406,1.27118,1.27118,0.0,0,1718862390406,4,0.0
2024-06-20 09:16:30.500,1.27118,1.27119,0.0,0,1718862390500,4,0.0
2024-06-20 09:16:31.124,1.2711999999999999,1.2711999999999999,0.0,0,1718862391124,134,0.0
2024-06-20 09:16:32.312,1.27121,1.27121,0.0,0,1718862392312,134,0.0
2024-06-20 09:16:32.611,1.27122,1.27122,0.0,0,1718862392611,134,0.0
2024-06-20 09:16:33.304,1.27121,1.27121,0.0,0,1718862393304,134,0.0
2024-06-20 09:16:39.680,1.27119,1.27119,0.0,0,1718862399680,134,0.0
2024-06-20 09:16:40.179,1.2711999999999999,1.2711999999999999,0.0,0,1718862400179,134,0.0
2024-06-20 09:16:40.481,1.27121,1.27121,0.0,0,1718862400481,134,0.0
2024-06-20 09:16:40.681,1.2711999999999999,1.2711999999999999,0.0,0,1718862400681,134,0.0
2024-06-20 09:16:43.189,1.27121,1.27121,0.0,0,1718862403189,134,0.0
2024-06-20 09:17:00.158,1.27122,1.27122,0.0,0,1718862420158,134,0.0
2024-06-20 09:17:03.558,1.27123,1.27123,0.0,0,1718862423558,134,0.0
2024-06-20 09:17:27.769,1.27121,1.27121,0.0,0,1718862447769,134,0.0
2024-06-20 09:17:27.867,1.27122,1.27122,0.0,0,1718862447867,134,0.0
2024-06-20 09:17:28.267,1.27121,1.27121,0.0,0,1718862448267,134,0.0
2024-06-20 09:17:28.866,1.27122,1.27122,0.0,0,1718862448866,134,0.0
2024-06-20 09:17:29.270,1.27123,1.27123,0.0,0,1718862449270,134,0.0
2024-06-20 09:17:48.996,1.27122,1.27122,0.0,0,1718862468996,134,0.0
2024-06-20 09:17:49.101,1.27123,1.27123,0.0,0,1718862469101,134,0.0
2024-06-20 09:17:54.649,1.27127,1.27127,0.0,0,1718862474649,134,0.0
2024-06-20 09:17:54.713,1.27128,1.27128,0.0,0,1718862474713,134,0.0
2024-06-20 09:17:54.909,1.27127,1.27127,0.0,0,1718862474909,134,0.0
2024-06-20 09:17:55.610,1.27128,1.27128,0.0,0,1718862475610,134,0.0
2024-06-20 09:17:59.113,1.27127,1.27127,0.0,0,1718862479113,134,0.0
2024-06-20 09:17:59.815,1.27127,1.27128,0.0,0,1718862479815,4,0.0
2024-06-20 09:18:00.014,1.27127,1.27128,0.0,0,1718862480014,130,0.0
2024-06-20 09:18:00.217,1.27128,1.27128,0.0,0,1718862480217,130,0.0
2024-06-20 09:18:00.526,1.27127,1.27127,0.0,0,1718862480526,134,0.0
2024-06-20 09:18:00.714,1.27128,1.27128,0.0,0,1718862480714,134,0.0
2024-06-20 09:18:04.070,1.27127,1.27127,0.0,0,1718862484070,134,0.0
2024-06-20 09:18:05.067,1.27128,1.27128,0.0,0,1718862485067,134,0.0
2024-06-20 09:18:05.497,1.27127,1.27127,0.0,0,1718862485497,134,0.0
2024-06-20 09:18:28.703,1.27124,1.27124,0.0,0,1718862508703,134,0.0
2024-06-20 09:18:33.204,1.27122,1.27122,0.0,0,1718862513204,134,0.0
2024-06-20 09:18:33.305,1.27121,1.27121,0.0,0,1718862513305,134,0.0
2024-06-20 09:18:36.006,1.2711999999999999,1.2711999999999999,0.0,0,1718862516006,134,0.0
2024-06-20 09:18:36.306,1.27121,1.27121,0.0,0,1718862516306,134,0.0
2024-06-20 09:18:36.507,1.2711999999999999,1.2711999999999999,0.0,0,1718862516507,134,0.0
2024-06-20 09:18:36.609,1.27121,1.27121,0.0,0,1718862516609,134,0.0
2024-06-20 09:18:56.492,1.27122,1.27122,0.0,0,1718862536492,134,0.0
2024-06-20 09:18:57.811,1.27121,1.27121,0.0,0,1718862537811,134,0.0
2024-06-20 09:18:58.319,1.27122,1.27122,0.0,0,1718862538319,134,0.0
2024-06-20 09:19:00.121,1.27122,1.27122,0.0,0,1718862540121,130,0.0
2024-06-20 09:19:05.921,1.27123,1.27123,0.0,0,1718862545921,134,0.0
2024-06-20 09:19:06.521,1.27122,1.27122,0.0,0,1718862546521,134,0.0
2024-06-20 09:19:22.596,1.27121,1.27121,0.0,0,1718862562596,134,0.0
2024-06-20 09:19:26.977,1.27122,1.27122,0.0,0,1718862566977,134,0.0
2024-06-20 09:19:28.302,1.27123,1.27123,0.0,0,1718862568302,134,0.0
2024-06-20 09:19:28.387,1.27127,1.27127,0.0,0,1718862568387,134,0.0
2024-06-20 09:19:30.382,1.27126,1.27126,0.0,0,1718862570382,134,0.0
2024-06-20 09:19:34.382,1.27127,1.27127,0.0,0,1718862574382,134,0.0
2024-06-20 09:19:38.187,1.27127,1.27128,0.0,0,1718862578187,4,0.0
2024-06-20 09:19:38.289,1.27128,1.27128,0.0,0,1718862578289,130,0.0
2024-06-20 09:19:38.422,1.27127,1.27128,0.0,0,1718862578422,130,0.0
2024-06-20 09:19:43.191,1.27127,1.27127,0.0,0,1718862583191,4,0.0
2024-06-20 09:19:43.792,1.27127,1.27128,0.0,0,1718862583792,4,0.0
2024-06-20 09:19:46.800,1.27128,1.27128,0.0,0,1718862586800,130,0.0
2024-06-20 09:19:47.306,1.27127,1.27128,0.0,0,1718862587306,130,0.0
2024-06-20 09:19:48.102,1.27127,1.27127,0.0,0,1718862588102,4,0.0
2024-06-20 09:19:49.005,1.27127,1.27128,0.0,0,1718862589005,4,0.0
2024-06-20 09:19:49.207,1.27127,1.27127,0.0,0,1718862589207,4,0.0
2024-06-20 09:19:49.403,1.27127,1.27128,0.0,0,1718862589403,4,0.0
2024-06-20 09:19:50.209,1.27127,1.27127,0.0,0,1718862590209,4,0.0
2024-06-20 09:19:50.401,1.27127,1.27128,0.0,0,1718862590401,4,0.0
2024-06-20 09:20:00.299,1.27128,1.27128,0.0,0,1718862600299,130,0.0
2024-06-20 09:20:00.790,1.27127,1.27127,0.0,0,1718862600790,134,0.0
2024-06-20 09:20:02.184,1.27128,1.27128,0.0,0,1718862602184,134,0.0
2024-06-20 09:20:02.383,1.27127,1.27127,0.0,0,1718862602383,134,0.0
2024-06-20 09:20:05.288,1.27128,1.27128,0.0,0,1718862605288,134,0.0
2024-06-20 09:20:05.388,1.27127,1.27127,0.0,0,1718862605388,134,0.0
2024-06-20 09:20:05.591,1.27128,1.27128,0.0,0,1718862605591,134,0.0
2024-06-20 09:20:14.811,1.27129,1.27129,0.0,0,1718862614811,134,0.0
2024-06-20 09:20:18.746,1.27128,1.27128,0.0,0,1718862618746,134,0.0
2024-06-20 09:20:22.747,1.27127,1.27127,0.0,0,1718862622747,134,0.0
2024-06-20 09:20:36.090,1.27126,1.27126,0.0,0,1718862636090,134,0.0
2024-06-20 09:20:36.288,1.27127,1.27127,0.0,0,1718862636288,134,0.0
2024-06-20 09:20:37.289,1.27126,1.27126,0.0,0,1718862637289,134,0.0
2024-06-20 09:20:37.591,1.27127,1.27127,0.0,0,1718862637591,134,0.0
2024-06-20 09:20:37.991,1.27126,1.27126,0.0,0,1718862637991,134,0.0
2024-06-20 09:20:40.199,1.27127,1.27127,0.0,0,1718862640199,134,0.0
2024-06-20 09:20:47.207,1.27126,1.27126,0.0,0,1718862647207,134,0.0
2024-06-20 09:20:47.506,1.27125,1.27125,0.0,0,1718862647506,134,0.0
2024-06-20 09:20:47.809,1.27127,1.27127,0.0,0,1718862647809,134,0.0
2024-06-20 09:20:49.817,1.27128,1.27128,0.0,0,1718862649817,134,0.0
2024-06-20 09:20:50.009,1.27129,1.27129,0.0,0,1718862650009,134,0.0
2024-06-20 09:20:54.207,1.27128,1.27128,0.0,0,1718862654207,134,0.0
2024-06-20 09:21:00.636,1.27128,1.27128,0.0,0,1718862660636,130,0.0
2024-06-20 09:21:08.432,1.27129,1.27129,0.0,0,1718862668432,134,0.0
2024-06-20 09:21:08.551,1.2713,1.2713,0.0,0,1718862668551,134,0.0
2024-06-20 09:21:28.259,1.27132,1.27132,0.0,0,1718862688259,134,0.0
2024-06-20 09:21:28.562,1.2713,1.2713,0.0,0,1718862688562,134,0.0
2024-06-20 09:21:32.368,1.27131,1.27131,0.0,0,1718862692368,134,0.0
2024-06-20 09:21:33.576,1.2713,1.2713,0.0,0,1718862693576,134,0.0
2024-06-20 09:21:33.679,1.27129,1.27129,0.0,0,1718862693679,134,0.0
2024-06-20 09:21:33.872,1.2713,1.2713,0.0,0,1718862693872,134,0.0
2024-06-20 09:21:34.073,1.27129,1.2713,0.0,0,1718862694073,130,0.0
2024-06-20 09:21:35.072,1.2713,1.2713,0.0,0,1718862695072,130,0.0
2024-06-20 09:21:35.268,1.27129,1.2713,0.0,0,1718862695268,130,0.0
2024-06-20 09:21:36.669,1.2713,1.2713,0.0,0,1718862696669,130,0.0
2024-06-20 09:21:41.692,1.2713,1.27131,0.0,0,1718862701692,4,0.0
2024-06-20 09:21:52.994,1.27131,1.27131,0.0,0,1718862712994,130,0.0
2024-06-20 09:21:56.296,1.27132,1.27132,0.0,0,1718862716296,134,0.0
2024-06-20 09:21:56.596,1.27131,1.27131,0.0,0,1718862716596,134,0.0
2024-06-20 09:21:58.598,1.2713,1.2713,0.0,0,1718862718598,134,0.0
2024-06-20 09:21:59.001,1.27129,1.27129,0.0,0,1718862719001,134,0.0
2024-06-20 09:22:00.112,1.2713,1.2713,0.0,0,1718862720112,134,0.0
2024-06-20 09:22:02.106,1.27131,1.27131,0.0,0,1718862722106,134,0.0
2024-06-20 09:22:02.904,1.2713,1.2713,0.0,0,1718862722904,134,0.0
2024-06-20 09:22:03.205,1.2713,1.27131,0.0,0,1718862723205,4,0.0
2024-06-20 09:22:03.307,1.2713,1.2713,0.0,0,1718862723307,4,0.0
2024-06-20 09:22:04.511,1.2713,1.27131,0.0,0,1718862724511,4,0.0
2024-06-20 09:22:04.607,1.2713,1.2713,0.0,0,1718862724607,4,0.0
2024-06-20 09:22:04.804,1.2713,1.27131,0.0,0,1718862724804,4,0.0
2024-06-20 09:22:05.609,1.2713,1.2713,0.0,0,1718862725609,4,0.0
2024-06-20 09:22:06.307,1.27129,1.27129,0.0,0,1718862726307,134,0.0
2024-06-20 09:22:14.519,1.2713,1.2713,0.0,0,1718862734519,134,0.0
2024-06-20 09:22:16.318,1.27129,1.27129,0.0,0,1718862736318,134,0.0
2024-06-20 09:22:16.516,1.2713,1.2713,0.0,0,1718862736516,134,0.0
2024-06-20 09:22:17.519,1.27131,1.27131,0.0,0,1718862737519,134,0.0
2024-06-20 09:22:21.194,1.2713,1.2713,0.0,0,1718862741194,134,0.0
2024-06-20 09:22:24.411,1.27129,1.27129,0.0,0,1718862744411,134,0.0
2024-06-20 09:22:25.710,1.27128,1.27128,0.0,0,1718862745710,134,0.0
2024-06-20 09:22:25.908,1.27129,1.27129,0.0,0,1718862745908,134,0.0
2024-06-20 09:22:27.208,1.27128,1.27128,0.0,0,1718862747208,134,0.0
2024-06-20 09:22:27.510,1.27129,1.27129,0.0,0,1718862747510,134,0.0
2024-06-20 09:22:29.135,1.2713,1.2713,0.0,0,1718862749135,134,0.0
2024-06-20 09:22:29.334,1.27129,1.27129,0.0,0,1718862749334,134,0.0
2024-06-20 09:22:31.495,1.27128,1.27128,0.0,0,1718862751495,134,0.0
2024-06-20 09:22:38.795,1.27129,1.27129,0.0,0,1718862758795,134,0.0
2024-06-20 09:22:49.553,1.27128,1.27128,0.0,0,1718862769553,134,0.0
2024-06-20 09:22:50.052,1.27129,1.27129,0.0,0,1718862770052,134,0.0
2024-06-20 09:22:51.153,1.27128,1.27128,0.0,0,1718862771153,134,0.0
2024-06-20 09:22:51.555,1.27127,1.27127,0.0,0,1718862771555,134,0.0
2024-06-20 09:22:56.190,1.27128,1.27128,0.0,0,1718862776190,134,0.0
2024-06-20 09:22:56.391,1.27127,1.27127,0.0,0,1718862776391,134,0.0
2024-06-20 09:22:56.692,1.27128,1.27128,0.0,0,1718862776692,134,0.0
2024-06-20 09:22:57.213,1.27127,1.27127,0.0,0,1718862777213,134,0.0
2024-06-20 09:23:00.105,1.27127,1.27127,0.0,0,1718862780105,130,0.0
2024-06-20 09:23:04.703,1.27128,1.27128,0.0,0,1718862784703,134,0.0
2024-06-20 09:23:04.998,1.27127,1.27127,0.0,0,1718862784998,134,0.0
2024-06-20 09:23:11.082,1.27128,1.27128,0.0,0,1718862791082,134,0.0
2024-06-20 09:23:11.178,1.27127,1.27127,0.0,0,1718862791178,134,0.0
2024-06-20 09:23:11.380,1.27128,1.27128,0.0,0,1718862791380,134,0.0
2024-06-20 09:23:23.805,1.27127,1.27127,0.0,0,1718862803805,134,0.0
2024-06-20 09:23:34.528,1.27121,1.27121,0.0,0,1718862814528,134,0.0
2024-06-20 09:23:34.628,1.2711999999999999,1.2711999999999999,0.0,0,1718862814628,134,0.0
2024-06-20 09:23:51.799,1.27119,1.2711999999999999,0.0,0,1718862831799,130,0.0
2024-06-20 09:23:52.899,1.27119,1.27119,0.0,0,1718862832899,4,0.0
2024-06-20 09:23:53.206,1.27119,1.2711999999999999,0.0,0,1718862833206,4,0.0
2024-06-20 09:23:53.405,1.27119,1.27119,0.0,0,1718862833405,4,0.0
2024-06-20 09:23:58.845,1.27119,1.2711999999999999,0.0,0,1718862838845,4,0.0
2024-06-20 09:23:59.644,1.2711999999999999,1.2711999999999999,0.0,0,1718862839644,130,0.0
2024-06-20 09:24:00.046,1.27119,1.27119,0.0,0,1718862840046,134,0.0
2024-06-20 09:24:00.351,1.27119,1.2711999999999999,0.0,0,1718862840351,4,0.0
2024-06-20 09:24:00.745,1.27119,1.27119,0.0,0,1718862840745,4,0.0
2024-06-20 09:24:00.841,1.2711999999999999,1.2711999999999999,0.0,0,1718862840841,134,0.0
2024-06-20 09:24:00.945,1.27119,1.27119,0.0,0,1718862840945,134,0.0
2024-06-20 09:24:01.045,1.2711999999999999,1.2711999999999999,0.0,0,1718862841045,134,0.0
2024-06-20 09:24:01.646,1.27119,1.27119,0.0,0,1718862841646,134,0.0
2024-06-20 09:24:01.947,1.27119,1.2711999999999999,0.0,0,1718862841947,4,0.0
2024-06-20 09:24:03.048,1.2711999999999999,1.2711999999999999,0.0,0,1718862843048,130,0.0
2024-06-20 09:24:04.046,1.27119,1.27119,0.0,0,1718862844046,134,0.0
2024-06-20 09:24:04.349,1.27119,1.2711999999999999,0.0,0,1718862844349,4,0.0
2024-06-20 09:24:11.054,1.2711999999999999,1.2711999999999999,0.0,0,1718862851054,130,0.0
2024-06-20 09:24:34.578,1.27121,1.27121,0.0,0,1718862874578,134,0.0
2024-06-20 09:24:36.684,1.2711999999999999,1.2711999999999999,0.0,0,1718862876684,134,0.0
2024-06-20 09:24:37.186,1.27121,1.27121,0.0,0,1718862877186,134,0.0
2024-06-20 09:24:38.484,1.2711999999999999,1.2711999999999999,0.0,0,1718862878484,134,0.0
2024-06-20 09:24:38.784,1.27121,1.27121,0.0,0,1718862878784,134,0.0
2024-06-20 09:24:43.286,1.2711999999999999,1.2711999999999999,0.0,0,1718862883286,134,0.0
2024-06-20 09:24:43.788,1.27121,1.27121,0.0,0,1718862883788,134,0.0
2024-06-20 09:24:47.492,1.2711999999999999,1.2711999999999999,0.0,0,1718862887492,134,0.0
2024-06-20 09:24:47.792,1.27121,1.27121,0.0,0,1718862887792,134,0.0
2024-06-20 09:24:47.992,1.2711999999999999,1.2711999999999999,0.0,0,1718862887992,134,0.0
2024-06-20 09:24:49.091,1.27121,1.27121,0.0,0,1718862889091,134,0.0
2024-06-20 09:24:52.507,1.2711999999999999,1.2711999999999999,0.0,0,1718862892507,134,0.0
2024-06-20 09:24:52.700,1.27121,1.27121,0.0,0,1718862892700,134,0.0
2024-06-20 09:24:52.900,1.2711999999999999,1.27121,0.0,0,1718862892900,130,0.0
2024-06-20 09:24:53.801,1.2711999999999999,1.2711999999999999,0.0,0,1718862893801,4,0.0
2024-06-20 09:24:54.101,1.2711999999999999,1.27121,0.0,0,1718862894101,4,0.0
2024-06-20 09:24:56.010,1.27121,1.27121,0.0,0,1718862896010,130,0.0
2024-06-20 09:24:56.199,1.2711999999999999,1.2711999999999999,0.0,0,1718862896199,134,0.0
2024-06-20 09:24:58.234,1.27121,1.27121,0.0,0,1718862898234,134,0.0
2024-06-20 09:24:58.532,1.2711999999999999,1.2711999999999999,0.0,0,1718862898532,134,0.0
2024-06-20 09:24:59.234,1.27121,1.27121,0.0,0,1718862899234,134,0.0
2024-06-20 09:24:59.533,1.2711999999999999,1.2711999999999999,0.0,0,1718862899533,134,0.0
2024-06-20 09:25:00.034,1.27121,1.27121,0.0,0,1718862900034,134,0.0
2024-06-20 09:25:00.351,1.2711999999999999,1.2711999999999999,0.0,0,1718862900351,134,0.0
2024-06-20 09:25:01.137,1.27121,1.27121,0.0,0,1718862901137,134,0.0
2024-06-20 09:25:38.283,1.27122,1.27122,0.0,0,1718862938283,134,0.0
2024-06-20 09:25:42.292,1.27121,1.27121,0.0,0,1718862942292,134,0.0
2024-06-20 09:25:46.203,1.27126,1.27126,0.0,0,1718862946203,134,0.0
2024-06-20 09:25:46.315,1.27128,1.27128,0.0,0,1718862946315,134,0.0
2024-06-20 09:25:46.500,1.27127,1.27127,0.0,0,1718862946500,134,0.0
2024-06-20 09:25:46.807,1.27128,1.27128,0.0,0,1718862946807,134,0.0
2024-06-20 09:25:47.001,1.27127,1.27127,0.0,0,1718862947001,134,0.0
2024-06-20 09:25:48.706,1.27128,1.27128,0.0,0,1718862948706,134,0.0
2024-06-20 09:25:55.807,1.27129,1.27129,0.0,0,1718862955807,134,0.0
2024-06-20 09:25:56.012,1.27128,1.27128,0.0,0,1718862956012,134,0.0
2024-06-20 09:25:56.212,1.27127,1.27127,0.0,0,1718862956212,134,0.0
2024-06-20 09:26:00.221,1.27127,1.27127,0.0,0,1718862960221,130,0.0
2024-06-20 09:26:27.980,1.27128,1.27128,0.0,0,1718862987980,134,0.0
2024-06-20 09:26:29.183,1.27127,1.27127,0.0,0,1718862989183,134,0.0
2024-06-20 09:26:29.383,1.27128,1.27128,0.0,0,1718862989383,134,0.0
2024-06-20 09:26:30.184,1.27127,1.27127,0.0,0,1718862990184,134,0.0
2024-06-20 09:26:30.485,1.27128,1.27128,0.0,0,1718862990485,134,0.0
2024-06-20 09:26:32.287,1.27127,1.27127,0.0,0,1718862992287,134,0.0
2024-06-20 09:26:33.888,1.27128,1.27128,0.0,0,1718862993888,134,0.0
2024-06-20 09:26:34.189,1.27127,1.27127,0.0,0,1718862994189,134,0.0
2024-06-20 09:26:34.889,1.27128,1.27128,0.0,0,1718862994889,134,0.0
2024-06-20 09:26:35.993,1.27127,1.27127,0.0,0,1718862995993,134,0.0
2024-06-20 09:26:37.093,1.27128,1.27128,0.0,0,1718862997093,134,0.0
2024-06-20 09:26:37.794,1.27127,1.27127,0.0,0,1718862997794,134,0.0
2024-06-20 09:26:37.997,1.27128,1.27128,0.0,0,1718862997997,134,0.0
2024-06-20 09:26:44.907,1.27127,1.27127,0.0,0,1718863004907,134,0.0
2024-06-20 09:26:45.705,1.27128,1.27128,0.0,0,1718863005705,134,0.0
2024-06-20 09:26:48.509,1.27127,1.27127,0.0,0,1718863008509,134,0.0
2024-06-20 09:26:49.513,1.27128,1.27128,0.0,0,1718863009513,134,0.0
2024-06-20 09:27:00.128,1.27128,1.27128,0.0,0,1718863020128,130,0.0
2024-06-20 09:27:00.330,1.27127,1.27127,0.0,0,1718863020330,134,0.0
2024-06-20 09:27:00.822,1.27128,1.27128,0.0,0,1718863020822,134,0.0
2024-06-20 09:27:06.728,1.27127,1.27127,0.0,0,1718863026728,134,0.0
2024-06-20 09:27:26.514,1.27125,1.27125,0.0,0,1718863046514,134,0.0
2024-06-20 09:27:26.618,1.2711999999999999,1.2711999999999999,0.0,0,1718863046618,134,0.0
2024-06-20 09:27:27.116,1.27119,1.27119,0.0,0,1718863047116,134,0.0
2024-06-20 09:27:30.123,1.2711999999999999,1.2711999999999999,0.0,0,1718863050123,134,0.0
2024-06-20 09:27:30.319,1.27119,1.27119,0.0,0,1718863050319,134,0.0
2024-06-20 09:27:43.135,1.27118,1.27118,0.0,0,1718863063135,134,0.0
2024-06-20 09:27:43.333,1.27119,1.27119,0.0,0,1718863063333,134,0.0
2024-06-20 09:27:44.335,1.2711700000000001,1.2711700000000001,0.0,0,1718863064335,134,0.0
2024-06-20 09:27:45.337,1.27119,1.27119,0.0,0,1718863065337,134,0.0
2024-06-20 09:27:46.335,1.2711700000000001,1.2711700000000001,0.0,0,1718863066335,134,0.0
2024-06-20 09:27:47.335,1.27119,1.27119,0.0,0,1718863067335,134,0.0
2024-06-20 09:27:48.340,1.2711700000000001,1.2711700000000001,0.0,0,1718863068340,134,0.0
2024-06-20 09:27:49.346,1.27118,1.27118,0.0,0,1718863069346,134,0.0
2024-06-20 09:27:50.347,1.27119,1.27119,0.0,0,1718863070347,134,0.0
2024-06-20 09:27:51.049,1.27118,1.27118,0.0,0,1718863071049,134,0.0
2024-06-20 09:27:55.855,1.27119,1.27119,0.0,0,1718863075855,134,0.0
2024-06-20 09:27:55.956,1.27118,1.27118,0.0,0,1718863075956,134,0.0
2024-06-20 09:28:00.060,1.27118,1.27118,0.0,0,1718863080060,130,0.0
2024-06-20 09:28:02.369,1.27119,1.27119,0.0,0,1718863082369,134,0.0
2024-06-20 09:28:12.972,1.27118,1.27119,0.0,0,1718863092972,130,0.0
2024-06-20 09:28:19.308,1.27119,1.27119,0.0,0,1718863099308,130,0.0
2024-06-20 09:28:19.903,1.27118,1.27119,0.0,0,1718863099903,130,0.0
2024-06-20 09:28:21.311,1.27119,1.27119,0.0,0,1718863101311,130,0.0
2024-06-20 09:28:23.917,1.27118,1.27119,0.0,0,1718863103917,130,0.0
2024-06-20 09:28:25.417,1.27118,1.27118,0.0,0,1718863105417,4,0.0
2024-06-20 09:28:25.916,1.27118,1.27119,0.0,0,1718863105916,4,0.0
2024-06-20 09:28:28.030,1.27119,1.27119,0.0,0,1718863108030,130,0.0
2024-06-20 09:28:28.126,1.2711999999999999,1.2711999999999999,0.0,0,1718863108126,134,0.0
2024-06-20 09:28:28.624,1.27119,1.27119,0.0,0,1718863108624,134,0.0
2024-06-20 09:28:30.524,1.2711999999999999,1.2711999999999999,0.0,0,1718863110524,134,0.0
2024-06-20 09:28:50.046,1.27119,1.2711999999999999,0.0,0,1718863130046,130,0.0
2024-06-20 09:28:50.546,1.2711999999999999,1.2711999999999999,0.0,0,1718863130546,130,0.0
2024-06-20 09:28:50.746,1.27121,1.27121,0.0,0,1718863130746,134,0.0
2024-06-20 09:28:50.944,1.2711999999999999,1.2711999999999999,0.0,0,1718863130944,134,0.0
2024-06-20 09:28:56.793,1.27119,1.2711999999999999,0.0,0,1718863136793,130,0.0
2024-06-20 09:28:56.922,1.2711999999999999,1.2711999999999999,0.0,0,1718863136922,130,0.0
2024-06-20 09:29:00.732,1.2711999999999999,1.2711999999999999,0.0,0,1718863140732,130,0.0
2024-06-20 09:29:03.033,1.27121,1.27121,0.0,0,1718863143033,134,0.0
2024-06-20 09:29:10.945,1.2711999999999999,1.2711999999999999,0.0,0,1718863150945,134,0.0
2024-06-20 09:29:12.046,1.27121,1.27121,0.0,0,1718863152046,134,0.0
2024-06-20 09:29:12.542,1.2711999999999999,1.2711999999999999,0.0,0,1718863152542,134,0.0
2024-06-20 09:29:15.348,1.27121,1.27121,0.0,0,1718863155348,134,0.0
2024-06-20 09:29:44.367,1.27125,1.27125,0.0,0,1718863184367,134,0.0
2024-06-20 09:29:44.466,1.27126,1.27126,0.0,0,1718863184466,134,0.0
2024-06-20 09:29:45.262,1.27125,1.27126,0.0,0,1718863185262,130,0.0
2024-06-20 09:29:45.364,1.27124,1.27126,0.0,0,1718863185364,130,0.0
2024-06-20 09:29:50.180,1.27125,1.27126,0.0,0,1718863190180,130,0.0
2024-06-20 09:29:52.983,1.27124,1.27124,0.0,0,1718863192983,134,0.0
2024-06-20 09:29:53.079,1.27125,1.27125,0.0,0,1718863193079,134,0.0
2024-06-20 09:29:56.987,1.27125,1.27126,0.0,0,1718863196987,4,0.0
2024-06-20 09:29:59.192,1.27125,1.27125,0.0,0,1718863199192,4,0.0
2024-06-20 09:30:00.094,1.27126,1.27126,0.0,0,1718863200094,134,0.0
2024-06-20 09:30:00.421,1.27127,1.27127,0.0,0,1718863200421,134,0.0
2024-06-20 09:30:02.496,1.27128,1.27128,0.0,0,1718863202496,134,0.0
2024-06-20 09:30:02.798,1.27127,1.27127,0.0,0,1718863202798,134,0.0
2024-06-20 09:30:04.397,1.27128,1.27128,0.0,0,1718863204397,134,0.0
2024-06-20 09:30:07.102,1.27127,1.27127,0.0,0,1718863207102,134,0.0
2024-06-20 09:30:11.415,1.27126,1.27126,0.0,0,1718863211415,134,0.0
2024-06-20 09:30:11.614,1.27127,1.27127,0.0,0,1718863211614,134,0.0
2024-06-20 09:30:12.005,1.27126,1.27126,0.0,0,1718863212005,134,0.0
2024-06-20 09:30:13.113,1.27127,1.27127,0.0,0,1718863213113,134,0.0
2024-06-20 09:30:16.413,1.27126,1.27126,0.0,0,1718863216413,134,0.0
2024-06-20 09:30:17.209,1.27127,1.27127,0.0,0,1718863217209,134,0.0
2024-06-20 09:30:17.613,1.27126,1.27126,0.0,0,1718863217613,134,0.0
2024-06-20 09:30:18.313,1.27127,1.27127,0.0,0,1718863218313,134,0.0
2024-06-20 09:30:19.816,1.27126,1.27126,0.0,0,1718863219816,134,0.0
2024-06-20 09:30:22.918,1.27127,1.27127,0.0,0,1718863222918,134,0.0
2024-06-20 09:30:33.890,1.27126,1.27126,0.0,0,1718863233890,134,0.0
2024-06-20 09:30:36.218,1.27127,1.27127,0.0,0,1718863236218,134,0.0
2024-06-20 09:30:36.416,1.27126,1.27126,0.0,0,1718863236416,134,0.0
2024-06-20 09:30:36.817,1.27127,1.27127,0.0,0,1718863236817,134,0.0
2024-06-20 09:30:43.226,1.27128,1.27128,0.0,0,1718863243226,134,0.0
2024-06-20 09:30:43.527,1.27127,1.27127,0.0,0,1718863243527,134,0.0
2024-06-20 09:30:47.173,1.27128,1.27128,0.0,0,1718863247173,134,0.0
2024-06-20 09:30:49.590,1.27127,1.27127,0.0,0,1718863249590,134,0.0
2024-06-20 09:30:58.361,1.27126,1.27126,0.0,0,1718863258361,134,0.0
2024-06-20 09:30:58.557,1.27127,1.27127,0.0,0,1718863258557,134,0.0
2024-06-20 09:30:59.057,1.27126,1.27126,0.0,0,1718863259057,134,0.0
2024-06-20 09:31:00.162,1.27126,1.27126,0.0,0,1718863260162,130,0.0
2024-06-20 09:31:01.063,1.27127,1.27127,0.0,0,1718863261063,134,0.0
2024-06-20 09:31:01.363,1.27126,1.27126,0.0,0,1718863261363,134,0.0
2024-06-20 09:31:06.297,1.27127,1.27127,0.0,0,1718863266297,134,0.0
2024-06-20 09:31:13.609,1.27126,1.27126,0.0,0,1718863273609,134,0.0
2024-06-20 09:31:14.201,1.27125,1.27125,0.0,0,1718863274201,134,0.0
2024-06-20 09:31:27.415,1.27126,1.27126,0.0,0,1718863287415,134,0.0
2024-06-20 09:31:28.915,1.27125,1.27125,0.0,0,1718863288915,134,0.0
2024-06-20 09:31:30.965,1.27126,1.27126,0.0,0,1718863290965,134,0.0
2024-06-20 09:31:34.107,1.27125,1.27125,0.0,0,1718863294107,134,0.0
2024-06-20 09:31:34.609,1.27126,1.27126,0.0,0,1718863294609,134,0.0
2024-06-20 09:31:35.517,1.27125,1.27125,0.0,0,1718863295517,134,0.0
2024-06-20 09:31:35.715,1.27126,1.27126,0.0,0,1718863295715,134,0.0
2024-06-20 09:31:43.415,1.27127,1.27127,0.0,0,1718863303415,134,0.0
2024-06-20 09:31:45.320,1.27126,1.27126,0.0,0,1718863305320,134,0.0
2024-06-20 09:31:45.918,1.27127,1.27127,0.0,0,1718863305918,134,0.0
2024-06-20 09:31:46.822,1.27126,1.27126,0.0,0,1718863306822,134,0.0
2024-06-20 09:31:46.921,1.27127,1.27127,0.0,0,1718863306921,134,0.0
2024-06-20 09:31:47.024,1.27126,1.27126,0.0,0,1718863307024,134,0.0
2024-06-20 09:31:47.522,1.27127,1.27127,0.0,0,1718863307522,134,0.0
2024-06-20 09:31:47.622,1.27126,1.27126,0.0,0,1718863307622,134,0.0
2024-06-20 09:31:47.722,1.27127,1.27127,0.0,0,1718863307722,134,0.0
2024-06-20 09:31:51.127,1.27125,1.27125,0.0,0,1718863311127,134,0.0
2024-06-20 09:31:58.228,1.27126,1.27126,0.0,0,1718863318228,134,0.0
2024-06-20 09:32:00.173,1.27126,1.27126,0.0,0,1718863320173,130,0.0
2024-06-20 09:32:08.182,1.27127,1.27127,0.0,0,1718863328182,134,0.0
2024-06-20 09:32:09.885,1.27126,1.27126,0.0,0,1718863329885,134,0.0
2024-06-20 09:32:10.085,1.27127,1.27127,0.0,0,1718863330085,134,0.0
2024-06-20 09:32:10.217,1.27126,1.27126,0.0,0,1718863330217,134,0.0
2024-06-20 09:32:11.084,1.27127,1.27127,0.0,0,1718863331084,134,0.0
2024-06-20 09:32:14.092,1.27126,1.27126,0.0,0,1718863334092,134,0.0
2024-06-20 09:32:14.311,1.27127,1.27127,0.0,0,1718863334311,134,0.0
2024-06-20 09:33:00.125,1.27127,1.27127,0.0,0,1718863380125,130,0.0
2024-06-20 09:33:08.693,1.27128,1.27128,0.0,0,1718863388693,134,0.0
2024-06-20 09:33:11.595,1.27127,1.27127,0.0,0,1718863391595,134,0.0
2024-06-20 09:33:12.797,1.27128,1.27128,0.0,0,1718863392797,134,0.0
2024-06-20 09:33:14.124,1.2713,1.2713,0.0,0,1718863394124,134,0.0
2024-06-20 09:33:14.701,1.27128,1.27128,0.0,0,1718863394701,134,0.0
2024-06-20 09:33:14.803,1.27129,1.27129,0.0,0,1718863394803,134,0.0
2024-06-20 09:33:14.998,1.27128,1.27128,0.0,0,1718863394998,134,0.0
2024-06-20 09:33:16.101,1.27129,1.27129,0.0,0,1718863396101,134,0.0
2024-06-20 09:33:17.609,1.27129,1.2713,0.0,0,1718863397609,4,0.0
2024-06-20 09:33:18.302,1.27129,1.27129,0.0,0,1718863398302,4,0.0
2024-06-20 09:33:25.106,1.27129,1.2713,0.0,0,1718863405106,4,0.0
2024-06-20 09:33:25.407,1.27129,1.27129,0.0,0,1718863405407,4,0.0
2024-06-20 09:33:29.118,1.27129,1.2713,0.0,0,1718863409118,4,0.0
2024-06-20 09:33:40.784,1.27129,1.27129,0.0,0,1718863420784,4,0.0
2024-06-20 09:33:41.084,1.27129,1.2713,0.0,0,1718863421084,4,0.0
2024-06-20 09:33:47.885,1.27129,1.27129,0.0,0,1718863427885,4,0.0
2024-06-20 09:33:48.683,1.27129,1.2713,0.0,0,1718863428683,4,0.0
2024-06-20 09:33:48.986,1.27129,1.27129,0.0,0,1718863428986,4,0.0
2024-06-20 09:33:52.828,1.27129,1.2713,0.0,0,1718863432828,4,0.0
2024-06-20 09:34:00.328,1.27129,1.2713,0.0,0,1718863440328,130,0.0
2024-06-20 09:34:01.025,1.27129,1.27129,0.0,0,1718863441025,4,0.0
2024-06-20 09:34:01.123,1.2713,1.2713,0.0,0,1718863441123,134,0.0
2024-06-20 09:34:09.933,1.27128,1.27128,0.0,0,1718863449933,134,0.0
2024-06-20 09:34:25.930,1.27127,1.27127,0.0,0,1718863465930,134,0.0
2024-06-20 09:34:44.041,1.27128,1.27128,0.0,0,1718863484041,134,0.0
2024-06-20 09:34:44.142,1.2713,1.2713,0.0,0,1718863484142,134,0.0
2024-06-20 09:34:49.045,1.27128,1.27128,0.0,0,1718863489045,134,0.0
2024-06-20 09:34:51.345,1.2713,1.2713,0.0,0,1718863491345,134,0.0
2024-06-20 09:34:53.346,1.27131,1.27131,0.0,0,1718863493346,134,0.0
2024-06-20 09:35:00.112,1.2713,1.2713,0.0,0,1718863500112,134,0.0
2024-06-20 09:35:00.664,1.27131,1.27131,0.0,0,1718863500664,134,0.0
2024-06-20 09:35:01.732,1.27136,1.27136,0.0,0,1718863501732,134,0.0
2024-06-20 09:35:01.809,1.2713700000000001,1.2713700000000001,0.0,0,1718863501809,134,0.0
2024-06-20 09:35:15.117,1.2713700000000001,1.27138,0.0,0,1718863515117,4,0.0
2024-06-20 09:35:19.524,1.2713700000000001,1.2713700000000001,0.0,0,1718863519524,4,0.0
2024-06-20 09:35:19.622,1.27138,1.27138,0.0,0,1718863519622,134,0.0
2024-06-20 09:35:19.720,1.2713999999999999,1.2713999999999999,0.0,0,1718863519720,134,0.0
2024-06-20 09:35:20.364,1.27143,1.27143,0.0,0,1718863520364,134,0.0
2024-06-20 09:35:20.426,1.27143,1.2714400000000001,0.0,0,1718863520426,4,0.0
2024-06-20 09:35:20.923,1.2714400000000001,1.2714400000000001,0.0,0,1718863520923,130,0.0
2024-06-20 09:35:25.627,1.27143,1.27143,0.0,0,1718863525627,134,0.0
2024-06-20 09:35:26.825,1.27142,1.27143,0.0,0,1718863526825,130,0.0
2024-06-20 09:35:31.262,1.27143,1.27143,0.0,0,1718863531262,130,0.0
2024-06-20 09:35:33.240,1.27142,1.27142,0.0,0,1718863533240,134,0.0
2024-06-20 09:35:34.037,1.27142,1.27143,0.0,0,1718863534037,4,0.0
2024-06-20 09:35:35.272,1.27142,1.27142,0.0,0,1718863535272,4,0.0
2024-06-20 09:35:35.438,1.27142,1.27143,0.0,0,1718863535438,4,0.0
2024-06-20 09:35:37.441,1.27142,1.27142,0.0,0,1718863537441,4,0.0
2024-06-20 09:35:37.543,1.27141,1.27141,0.0,0,1718863537543,134,0.0
2024-06-20 09:35:41.546,1.27141,1.27142,0.0,0,1718863541546,4,0.0
2024-06-20 09:35:43.442,1.27141,1.27141,0.0,0,1718863543442,4,0.0
2024-06-20 09:35:43.747,1.27141,1.27142,0.0,0,1718863543747,4,0.0
2024-06-20 09:35:45.449,1.27141,1.27141,0.0,0,1718863545449,4,0.0
2024-06-20 09:35:53.658,1.27141,1.27142,0.0,0,1718863553658,4,0.0
2024-06-20 09:35:54.457,1.27141,1.27141,0.0,0,1718863554457,4,0.0
2024-06-20 09:35:55.061,1.27141,1.27142,0.0,0,1718863555061,4,0.0
2024-06-20 09:35:59.862,1.27141,1.27141,0.0,0,1718863559862,4,0.0
2024-06-20 09:36:00.064,1.27142,1.27142,0.0,0,1718863560064,134,0.0
2024-06-20 09:36:07.579,1.27143,1.2714400000000001,0.0,0,1718863567579,134,0.0
2024-06-20 09:36:10.323,1.27142,1.27142,0.0,0,1718863570323,134,0.0
2024-06-20 09:36:17.939,1.27143,1.27143,0.0,0,1718863577939,134,0.0
2024-06-20 09:36:18.139,1.27142,1.27142,0.0,0,1718863578139,134,0.0
2024-06-20 09:36:18.548,1.27143,1.27143,0.0,0,1718863578548,134,0.0
2024-06-20 09:36:19.454,1.27142,1.27142,0.0,0,1718863579454,134,0.0
2024-06-20 09:36:22.569,1.27143,1.27143,0.0,0,1718863582569,134,0.0
2024-06-20 09:36:22.870,1.27142,1.27142,0.0,0,1718863582870,134,0.0
2024-06-20 09:36:23.773,1.27143,1.27143,0.0,0,1718863583773,134,0.0
2024-06-20 09:36:25.678,1.27142,1.27142,0.0,0,1718863585678,134,0.0
2024-06-20 09:36:27.378,1.27143,1.27143,0.0,0,1718863587378,134,0.0
2024-06-20 09:36:29.181,1.27142,1.27142,0.0,0,1718863589181,134,0.0
2024-06-20 09:36:29.381,1.27143,1.27143,0.0,0,1718863589381,134,0.0
2024-06-20 09:36:31.783,1.27142,1.27142,0.0,0,1718863591783,134,0.0
2024-06-20 09:36:32.080,1.27143,1.27143,0.0,0,1718863592080,134,0.0
2024-06-20 09:36:39.223,1.27142,1.27142,0.0,0,1718863599223,134,0.0
2024-06-20 09:36:42.121,1.27143,1.27143,0.0,0,1718863602121,134,0.0
2024-06-20 09:36:43.227,1.27142,1.27142,0.0,0,1718863603227,134,0.0
2024-06-20 09:36:43.624,1.27143,1.27143,0.0,0,1718863603624,134,0.0
2024-06-20 09:36:44.769,1.27142,1.27142,0.0,0,1718863604769,134,0.0
2024-06-20 09:36:45.372,1.27142,1.27143,0.0,0,1718863605372,4,0.0
2024-06-20 09:36:45.569,1.27142,1.27142,0.0,0,1718863605569,4,0.0
2024-06-20 09:36:45.870,1.27142,1.27143,0.0,0,1718863605870,4,0.0
2024-06-20 09:36:48.276,1.27141,1.27141,0.0,0,1718863608276,134,0.0
2024-06-20 09:36:48.573,1.27142,1.27143,0.0,0,1718863608573,134,0.0
2024-06-20 09:36:52.693,1.27141,1.27141,0.0,0,1718863612693,134,0.0
2024-06-20 09:36:53.194,1.27142,1.27143,0.0,0,1718863613194,134,0.0
2024-06-20 09:36:55.096,1.27142,1.27142,0.0,0,1718863615096,4,0.0
2024-06-20 09:36:56.098,1.27141,1.27141,0.0,0,1718863616098,134,0.0
2024-06-20 09:36:58.144,1.27142,1.27143,0.0,0,1718863618144,134,0.0
2024-06-20 09:36:59.257,1.2713999999999999,1.2713999999999999,0.0,0,1718863619257,134,0.0
2024-06-20 09:37:00.052,1.2713999999999999,1.2713999999999999,0.0,0,1718863620052,130,0.0
2024-06-20 09:37:00.466,1.27138,1.2713999999999999,0.0,0,1718863620466,130,0.0
2024-06-20 09:37:00.772,1.2713999999999999,1.2713999999999999,0.0,0,1718863620772,130,0.0
2024-06-20 09:37:00.952,1.27141,1.27141,0.0,0,1718863620952,134,0.0
2024-06-20 09:37:08.967,1.27142,1.27142,0.0,0,1718863628967,134,0.0
2024-06-20 09:37:09.164,1.27141,1.27141,0.0,0,1718863629164,134,0.0
2024-06-20 09:37:09.662,1.27142,1.27142,0.0,0,1718863629662,134,0.0
2024-06-20 09:37:09.962,1.27141,1.27141,0.0,0,1718863629962,134,0.0
2024-06-20 09:37:10.571,1.2713999999999999,1.2713999999999999,0.0,0,1718863630571,134,0.0
2024-06-20 09:37:10.766,1.27141,1.27141,0.0,0,1718863630766,134,0.0
2024-06-20 09:37:11.464,1.27142,1.27142,0.0,0,1718863631464,134,0.0
2024-06-20 09:37:12.065,1.27141,1.27141,0.0,0,1718863632065,134,0.0
2024-06-20 09:37:18.131,1.27142,1.27142,0.0,0,1718863638131,134,0.0
2024-06-20 09:37:30.323,1.27141,1.27141,0.0,0,1718863650323,134,0.0
2024-06-20 09:37:30.605,1.27142,1.27142,0.0,0,1718863650605,134,0.0
2024-06-20 09:37:32.179,1.27141,1.27141,0.0,0,1718863652179,134,0.0
2024-06-20 09:37:32.380,1.27142,1.27142,0.0,0,1718863652380,134,0.0
2024-06-20 09:37:34.758,1.27141,1.27141,0.0,0,1718863654758,134,0.0
2024-06-20 09:37:35.167,1.27142,1.27142,0.0,0,1718863655167,134,0.0
2024-06-20 09:37:35.262,1.27141,1.27141,0.0,0,1718863655262,134,0.0
2024-06-20 09:37:36.167,1.27139,1.27139,0.0,0,1718863656167,134,0.0
2024-06-20 09:37:36.465,1.27138,1.27138,0.0,0,1718863656465,134,0.0
2024-06-20 09:37:37.663,1.27139,1.27139,0.0,0,1718863657663,134,0.0
2024-06-20 09:37:57.485,1.2713999999999999,1.2713999999999999,0.0,0,1718863677485,134,0.0
2024-06-20 09:38:00.782,1.2713999999999999,1.2713999999999999,0.0,0,1718863680782,130,0.0
2024-06-20 09:38:03.689,1.27139,1.27139,0.0,0,1718863683689,134,0.0
2024-06-20 09:38:04.591,1.2713999999999999,1.2713999999999999,0.0,0,1718863684591,134,0.0
2024-06-20 09:38:05.590,1.27139,1.27139,0.0,0,1718863685590,134,0.0
2024-06-20 09:38:06.493,1.2713999999999999,1.2713999999999999,0.0,0,1718863686493,134,0.0
2024-06-20 09:38:06.792,1.27141,1.27141,0.0,0,1718863686792,134,0.0
2024-06-20 09:38:07.294,1.2713999999999999,1.2713999999999999,0.0,0,1718863687294,134,0.0
2024-06-20 09:38:08.696,1.27141,1.27141,0.0,0,1718863688696,134,0.0
2024-06-20 09:38:11.699,1.2713999999999999,1.2713999999999999,0.0,0,1718863691699,134,0.0
2024-06-20 09:38:16.011,1.27139,1.2713999999999999,0.0,0,1718863696011,130,0.0
2024-06-20 09:38:16.112,1.27139,1.27139,0.0,0,1718863696112,4,0.0
2024-06-20 09:38:17.617,1.2713999999999999,1.2713999999999999,0.0,0,1718863697617,134,0.0
2024-06-20 09:38:18.414,1.27141,1.27141,0.0,0,1718863698414,134,0.0
2024-06-20 09:38:19.851,1.2713999999999999,1.2713999999999999,0.0,0,1718863699851,134,0.0
2024-06-20 09:38:19.918,1.27139,1.27139,0.0,0,1718863699918,134,0.0
2024-06-20 09:38:20.042,1.27138,1.27138,0.0,0,1718863700042,134,0.0
2024-06-20 09:38:20.419,1.2713700000000001,1.2713700000000001,0.0,0,1718863700419,134,0.0
2024-06-20 09:38:22.746,1.27138,1.27138,0.0,0,1718863702746,134,0.0
2024-06-20 09:38:22.940,1.2713700000000001,1.2713700000000001,0.0,0,1718863702940,134,0.0
2024-06-20 09:38:23.141,1.27138,1.27138,0.0,0,1718863703141,134,0.0
2024-06-20 09:38:23.445,1.2713700000000001,1.2713700000000001,0.0,0,1718863703445,134,0.0
2024-06-20 09:38:24.044,1.27138,1.27138,0.0,0,1718863704044,134,0.0
2024-06-20 09:38:26.047,1.2713700000000001,1.2713700000000001,0.0,0,1718863706047,134,0.0
2024-06-20 09:38:26.247,1.27138,1.27138,0.0,0,1718863706247,134,0.0
2024-06-20 09:38:30.355,1.27139,1.27139,0.0,0,1718863710355,134,0.0
2024-06-20 09:38:31.055,1.27138,1.27138,0.0,0,1718863711055,134,0.0
2024-06-20 09:38:35.257,1.27139,1.27139,0.0,0,1718863715257,134,0.0
2024-06-20 09:38:35.359,1.27138,1.27138,0.0,0,1718863715359,134,0.0
2024-06-20 09:38:35.665,1.27139,1.27139,0.0,0,1718863715665,134,0.0
2024-06-20 09:38:35.759,1.27138,1.27138,0.0,0,1718863715759,134,0.0
2024-06-20 09:38:35.862,1.27139,1.27139,0.0,0,1718863715862,134,0.0
2024-06-20 09:38:35.958,1.27138,1.27138,0.0,0,1718863715958,134,0.0
2024-06-20 09:38:36.058,1.27139,1.27139,0.0,0,1718863716058,134,0.0
2024-06-20 09:38:36.160,1.27138,1.27138,0.0,0,1718863716160,134,0.0
2024-06-20 09:38:36.262,1.27139,1.27139,0.0,0,1718863716262,134,0.0
2024-06-20 09:38:36.362,1.27138,1.27138,0.0,0,1718863716362,134,0.0
2024-06-20 09:38:41.956,1.2713700000000001,1.2713700000000001,0.0,0,1718863721956,134,0.0
2024-06-20 09:38:42.096,1.27135,1.27135,0.0,0,1718863722096,134,0.0
2024-06-20 09:38:50.197,1.27136,1.27136,0.0,0,1718863730197,134,0.0
2024-06-20 09:38:52.097,1.2713700000000001,1.2713700000000001,0.0,0,1718863732097,134,0.0
2024-06-20 09:39:00.430,1.2713700000000001,1.2713700000000001,0.0,0,1718863740430,130,0.0
2024-06-20 09:39:01.218,1.27136,1.27136,0.0,0,1718863741218,134,0.0
2024-06-20 09:39:01.514,1.2713700000000001,1.2713700000000001,0.0,0,1718863741514,134,0.0
2024-06-20 09:39:01.621,1.27136,1.27136,0.0,0,1718863741621,134,0.0
2024-06-20 09:39:02.723,1.27135,1.27135,0.0,0,1718863742723,134,0.0
2024-06-20 09:39:02.923,1.27134,1.27134,0.0,0,1718863742923,134,0.0
2024-06-20 09:39:04.037,1.27133,1.27133,0.0,0,1718863744037,134,0.0
2024-06-20 09:39:04.131,1.27131,1.27131,0.0,0,1718863744131,134,0.0
2024-06-20 09:39:04.331,1.27132,1.27132,0.0,0,1718863744331,134,0.0
2024-06-20 09:39:05.031,1.27131,1.27131,0.0,0,1718863745031,134,0.0
2024-06-20 09:39:37.392,1.27132,1.27132,0.0,0,1718863777392,134,0.0
2024-06-20 09:39:42.103,1.27133,1.27133,0.0,0,1718863782103,134,0.0
2024-06-20 09:39:43.105,1.27132,1.27132,0.0,0,1718863783105,134,0.0
2024-06-20 09:39:44.004,1.27133,1.27133,0.0,0,1718863784004,134,0.0
2024-06-20 09:39:45.920,1.27132,1.27132,0.0,0,1718863785920,134,0.0
2024-06-20 09:39:47.318,1.27131,1.27131,0.0,0,1718863787318,134,0.0
2024-06-20 09:39:47.619,1.27132,1.27132,0.0,0,1718863787619,134,0.0
2024-06-20 09:39:49.622,1.27131,1.27131,0.0,0,1718863789622,134,0.0
2024-06-20 09:39:49.821,1.27132,1.27132,0.0,0,1718863789821,134,0.0
2024-06-20 09:39:50.120,1.27131,1.27131,0.0,0,1718863790120,134,0.0
2024-06-20 09:39:50.725,1.27132,1.27132,0.0,0,1718863790725,134,0.0
2024-06-20 09:39:50.923,1.27131,1.27131,0.0,0,1718863790923,134,0.0
2024-06-20 09:39:51.523,1.27132,1.27132,0.0,0,1718863791523,134,0.0
2024-06-20 09:39:52.224,1.27131,1.27131,0.0,0,1718863792224,134,0.0
2024-06-20 09:39:54.234,1.27132,1.27132,0.0,0,1718863794234,134,0.0
2024-06-20 09:39:56.136,1.27131,1.27131,0.0,0,1718863796136,134,0.0
2024-06-20 09:39:56.338,1.27132,1.27132,0.0,0,1718863796338,134,0.0
2024-06-20 09:39:56.638,1.27131,1.27131,0.0,0,1718863796638,134,0.0
2024-06-20 09:40:00.044,1.27132,1.27132,0.0,0,1718863800044,134,0.0
2024-06-20 09:40:01.248,1.27131,1.27132,0.0,0,1718863801248,130,0.0
2024-06-20 09:40:01.352,1.27131,1.27131,0.0,0,1718863801352,4,0.0
2024-06-20 09:40:01.647,1.27131,1.27132,0.0,0,1718863801647,4,0.0
2024-06-20 09:40:04.156,1.27132,1.27132,0.0,0,1718863804156,130,0.0
2024-06-20 09:40:04.453,1.27133,1.27133,0.0,0,1718863804453,134,0.0
2024-06-20 09:40:08.160,1.27132,1.27132,0.0,0,1718863808160,134,0.0
2024-06-20 09:40:08.356,1.27133,1.27133,0.0,0,1718863808356,134,0.0
2024-06-20 09:40:08.660,1.27132,1.27132,0.0,0,1718863808660,134,0.0
2024-06-20 09:40:08.858,1.27133,1.27133,0.0,0,1718863808858,134,0.0
2024-06-20 09:40:11.063,1.27132,1.27132,0.0,0,1718863811063,134,0.0
2024-06-20 09:40:11.262,1.27133,1.27133,0.0,0,1718863811262,134,0.0
2024-06-20 09:40:14.766,1.27132,1.27132,0.0,0,1718863814766,134,0.0
2024-06-20 09:40:14.969,1.27133,1.27133,0.0,0,1718863814969,134,0.0
2024-06-20 09:40:17.968,1.27132,1.27132,0.0,0,1718863817968,134,0.0
2024-06-20 09:40:18.270,1.27133,1.27133,0.0,0,1718863818270,134,0.0
2024-06-20 09:40:18.469,1.27132,1.27132,0.0,0,1718863818469,134,0.0
2024-06-20 09:40:19.478,1.27133,1.27133,0.0,0,1718863819478,134,0.0
2024-06-20 09:40:19.772,1.27132,1.27132,0.0,0,1718863819772,134,0.0
2024-06-20 09:40:20.174,1.27133,1.27133,0.0,0,1718863820174,134,0.0
2024-06-20 09:40:20.679,1.27131,1.27131,0.0,0,1718863820679,134,0.0
2024-06-20 09:40:20.776,1.27132,1.27132,0.0,0,1718863820776,134,0.0
2024-06-20 09:40:20.884,1.27133,1.27133,0.0,0,1718863820884,134,0.0
2024-06-20 09:40:21.176,1.27132,1.27132,0.0,0,1718863821176,134,0.0
2024-06-20 09:40:26.379,1.27131,1.27131,0.0,0,1718863826379,134,0.0
2024-06-20 09:40:28.080,1.27132,1.27132,0.0,0,1718863828080,134,0.0
2024-06-20 09:40:32.795,1.27133,1.27133,0.0,0,1718863832795,134,0.0
2024-06-20 09:40:32.938,1.27135,1.27135,0.0,0,1718863832938,134,0.0
2024-06-20 09:40:36.391,1.27134,1.27135,0.0,0,1718863836391,130,0.0
2024-06-20 09:40:36.492,1.27133,1.27134,0.0,0,1718863836492,134,0.0
2024-06-20 09:40:38.609,1.27133,1.27133,0.0,0,1718863838609,4,0.0
2024-06-20 09:40:38.912,1.27133,1.27134,0.0,0,1718863838912,4,0.0
2024-06-20 09:40:39.713,1.27133,1.27133,0.0,0,1718863839713,4,0.0
2024-06-20 09:40:40.412,1.27134,1.27134,0.0,0,1718863840412,134,0.0
2024-06-20 09:40:40.614,1.27133,1.27133,0.0,0,1718863840614,134,0.0
2024-06-20 09:40:42.011,1.27133,1.27134,0.0,0,1718863842011,4,0.0
2024-06-20 09:40:43.621,1.27133,1.27133,0.0,0,1718863843621,4,0.0
2024-06-20 09:40:43.762,1.27133,1.27134,0.0,0,1718863843762,4,0.0
2024-06-20 09:40:44.118,1.27133,1.27133,0.0,0,1718863844118,4,0.0
2024-06-20 09:40:44.319,1.27133,1.27134,0.0,0,1718863844319,4,0.0
2024-06-20 09:40:44.423,1.27134,1.27134,0.0,0,1718863844423,130,0.0
2024-06-20 09:40:44.716,1.27133,1.27133,0.0,0,1718863844716,134,0.0
2024-06-20 09:40:45.516,1.27134,1.27134,0.0,0,1718863845516,134,0.0
2024-06-20 09:40:46.372,1.27133,1.27133,0.0,0,1718863846372,134,0.0
2024-06-20 09:40:46.672,1.27134,1.27134,0.0,0,1718863846672,134,0.0
2024-06-20 09:40:48.476,1.27133,1.27134,0.0,0,1718863848476,130,0.0
2024-06-20 09:40:50.388,1.27133,1.27133,0.0,0,1718863850388,4,0.0
2024-06-20 09:40:50.987,1.27133,1.27134,0.0,0,1718863850987,4,0.0
2024-06-20 09:40:52.980,1.27134,1.27134,0.0,0,1718863852980,130,0.0
2024-06-20 09:40:56.381,1.27133,1.27133,0.0,0,1718863856381,134,0.0
2024-06-20 09:40:57.480,1.27134,1.27134,0.0,0,1718863857480,134,0.0
2024-06-20 09:40:57.778,1.27133,1.27133,0.0,0,1718863857778,134,0.0
2024-06-20 09:41:00.085,1.27133,1.27133,0.0,0,1718863860085,130,0.0
2024-06-20 09:41:00.590,1.27133,1.27134,0.0,0,1718863860590,4,0.0
2024-06-20 09:41:01.189,1.27133,1.27133,0.0,0,1718863861189,4,0.0
2024-06-20 09:41:06.687,1.27133,1.27134,0.0,0,1718863866687,4,0.0
2024-06-20 09:41:19.484,1.27135,1.27135,0.0,0,1718863879484,134,0.0
2024-06-20 09:41:19.584,1.27135,1.27136,0.0,0,1718863879584,4,0.0
2024-06-20 09:41:20.284,1.27136,1.27136,0.0,0,1718863880284,130,0.0
2024-06-20 09:41:20.385,1.2713700000000001,1.2713700000000001,0.0,0,1718863880385,134,0.0
2024-06-20 09:41:24.091,1.27136,1.2713700000000001,0.0,0,1718863884091,130,0.0
2024-06-20 09:41:24.692,1.27138,1.27138,0.0,0,1718863884692,134,0.0
2024-06-20 09:41:24.799,1.2713999999999999,1.2713999999999999,0.0,0,1718863884799,134,0.0
2024-06-20 09:41:25.693,1.27139,1.27139,0.0,0,1718863885693,134,0.0
2024-06-20 09:41:27.738,1.2713999999999999,1.2713999999999999,0.0,0,1718863887738,134,0.0
2024-06-20 09:41:31.299,1.27139,1.27139,0.0,0,1718863891299,134,0.0
2024-06-20 09:41:41.247,1.2713999999999999,1.2713999999999999,0.0,0,1718863901247,134,0.0
2024-06-20 09:42:04.880,1.27142,1.27142,0.0,0,1718863924880,134,0.0
2024-06-20 09:42:04.983,1.2714400000000001,1.2714400000000001,0.0,0,1718863924983,134,0.0
2024-06-20 09:42:05.070,1.27142,1.27142,0.0,0,1718863925070,134,0.0
2024-06-20 09:42:05.176,1.2713999999999999,1.2713999999999999,0.0,0,1718863925176,134,0.0
2024-06-20 09:42:05.270,1.27141,1.27141,0.0,0,1718863925270,134,0.0
2024-06-20 09:42:06.974,1.2713999999999999,1.2713999999999999,0.0,0,1718863926974,134,0.0
2024-06-20 09:42:11.175,1.27141,1.27141,0.0,0,1718863931175,134,0.0
2024-06-20 09:42:12.276,1.2713999999999999,1.2713999999999999,0.0,0,1718863932276,134,0.0
2024-06-20 09:42:13.279,1.27141,1.27141,0.0,0,1718863933279,134,0.0
2024-06-20 09:42:13.582,1.2713999999999999,1.2713999999999999,0.0,0,1718863933582,134,0.0
2024-06-20 09:42:14.283,1.27141,1.27141,0.0,0,1718863934283,134,0.0
2024-06-20 09:42:15.182,1.2713999999999999,1.2713999999999999,0.0,0,1718863935182,134,0.0
2024-06-20 09:42:15.383,1.27141,1.27141,0.0,0,1718863935383,134,0.0
2024-06-20 09:42:15.982,1.2713999999999999,1.2713999999999999,0.0,0,1718863935982,134,0.0
2024-06-20 09:42:19.797,1.27139,1.27139,0.0,0,1718863939797,134,0.0
2024-06-20 09:42:19.992,1.27139,1.2713999999999999,0.0,0,1718863939992,4,0.0
2024-06-20 09:42:20.395,1.2713999999999999,1.2713999999999999,0.0,0,1718863940395,130,0.0
2024-06-20 09:42:48.835,1.27139,1.27139,0.0,0,1718863968835,134,0.0
2024-06-20 09:42:50.931,1.2713999999999999,1.2713999999999999,0.0,0,1718863970931,134,0.0
2024-06-20 09:42:51.334,1.27141,1.27141,0.0,0,1718863971334,134,0.0
2024-06-20 09:42:56.142,1.2713999999999999,1.2713999999999999,0.0,0,1718863976142,134,0.0
2024-06-20 09:42:56.239,1.27141,1.27141,0.0,0,1718863976239,134,0.0
2024-06-20 09:43:00.076,1.27141,1.27141,0.0,0,1718863980076,130,0.0
2024-06-20 09:43:06.089,1.27142,1.27142,0.0,0,1718863986089,134,0.0
2024-06-20 09:43:07.094,1.27141,1.27141,0.0,0,1718863987094,134,0.0
2024-06-20 09:43:07.692,1.27142,1.27142,0.0,0,1718863987692,134,0.0
2024-06-20 09:43:08.392,1.27141,1.27141,0.0,0,1718863988392,134,0.0
2024-06-20 09:43:11.397,1.2713999999999999,1.2713999999999999,0.0,0,1718863991397,134,0.0
2024-06-20 09:43:12.208,1.27141,1.27141,0.0,0,1718863992208,134,0.0
2024-06-20 09:43:12.301,1.27142,1.27142,0.0,0,1718863992301,134,0.0
2024-06-20 09:43:16.921,1.27141,1.27141,0.0,0,1718863996921,134,0.0
2024-06-20 09:43:17.223,1.27142,1.27142,0.0,0,1718863997223,134,0.0
2024-06-20 09:43:18.232,1.27141,1.27141,0.0,0,1718863998232,134,0.0
2024-06-20 09:43:19.225,1.27142,1.27142,0.0,0,1718863999225,134,0.0
2024-06-20 09:43:19.726,1.27141,1.27141,0.0,0,1718863999726,134,0.0
2024-06-20 09:43:20.027,1.27142,1.27142,0.0,0,1718864000027,134,0.0
2024-06-20 09:43:21.627,1.27141,1.27141,0.0,0,1718864001627,134,0.0
2024-06-20 09:43:22.431,1.27142,1.27142,0.0,0,1718864002431,134,0.0
2024-06-20 09:43:22.635,1.2713999999999999,1.27141,0.0,0,1718864002635,134,0.0
2024-06-20 09:43:24.033,1.2713999999999999,1.2713999999999999,0.0,0,1718864004033,4,0.0
2024-06-20 09:43:40.971,1.27139,1.2713999999999999,0.0,0,1718864020971,130,0.0
2024-06-20 09:43:41.071,1.27139,1.27139,0.0,0,1718864021071,4,0.0
2024-06-20 09:43:43.772,1.2713999999999999,1.2713999999999999,0.0,0,1718864023772,134,0.0
2024-06-20 09:43:43.974,1.27141,1.27141,0.0,0,1718864023974,134,0.0
2024-06-20 09:43:50.180,1.27142,1.27142,0.0,0,1718864030180,134,0.0
2024-06-20 09:44:00.447,1.27142,1.27142,0.0,0,1718864040447,130,0.0
2024-06-20 09:44:16.625,1.27141,1.27141,0.0,0,1718864056625,134,0.0
2024-06-20 09:44:20.104,1.27143,1.27143,0.0,0,1718864060104,134,0.0
2024-06-20 09:44:28.596,1.2714400000000001,1.2714400000000001,0.0,0,1718864068596,134,0.0
2024-06-20 09:44:28.703,1.27146,1.27146,0.0,0,1718864068703,134,0.0
2024-06-20 09:44:30.093,1.2714699999999999,1.2714699999999999,0.0,0,1718864070093,134,0.0
2024-06-20 09:44:40.322,1.27146,1.27146,0.0,0,1718864080322,134,0.0
2024-06-20 09:44:41.227,1.27145,1.27145,0.0,0,1718864081227,134,0.0
2024-06-20 09:44:41.326,1.2714699999999999,1.2714699999999999,0.0,0,1718864081326,134,0.0
2024-06-20 09:44:52.232,1.27146,1.27146,0.0,0,1718864092232,134,0.0
2024-06-20 09:44:52.537,1.2714699999999999,1.2714699999999999,0.0,0,1718864092537,134,0.0
2024-06-20 09:45:00.043,1.2714699999999999,1.2714699999999999,0.0,0,1718864100043,130,0.0
2024-06-20 09:45:56.186,1.2714699999999999,1.2714699999999999,0.0,0,1718864156186,4,0.0
2024-06-20 09:45:56.886,1.27146,1.27146,0.0,0,1718864156886,134,0.0
2024-06-20 09:45:57.188,1.2714699999999999,1.2714699999999999,0.0,0,1718864157188,134,0.0
2024-06-20 09:45:57.287,1.27146,1.27146,0.0,0,1718864157287,134,0.0
2024-06-20 09:46:00.096,1.27146,1.27146,0.0,0,1718864160096,130,0.0
2024-06-20 09:46:00.197,1.27145,1.27145,0.0,0,1718864160197,134,0.0
2024-06-20 09:46:00.306,1.2714400000000001,1.2714400000000001,0.0,0,1718864160306,134,0.0
2024-06-20 09:46:00.629,1.27141,1.27141,0.0,0,1718864160629,134,0.0
2024-06-20 09:46:00.712,1.2713999999999999,1.27141,0.0,0,1718864160712,130,0.0
2024-06-20 09:46:00.991,1.27141,1.27141,0.0,0,1718864160991,130,0.0
2024-06-20 09:46:01.399,1.2713999999999999,1.27141,0.0,0,1718864161399,130,0.0
2024-06-20 09:46:01.991,1.27141,1.27141,0.0,0,1718864161991,130,0.0
2024-06-20 09:46:10.762,1.27142,1.27142,0.0,0,1718864170762,134,0.0
2024-06-20 09:46:21.438,1.27141,1.27141,0.0,0,1718864181438,134,0.0
2024-06-20 09:46:21.637,1.27142,1.27142,0.0,0,1718864181637,134,0.0
2024-06-20 09:46:21.953,1.27141,1.27141,0.0,0,1718864181953,134,0.0
2024-06-20 09:46:22.350,1.27142,1.27142,0.0,0,1718864182350,134,0.0
2024-06-20 09:46:52.330,1.27143,1.27143,0.0,0,1718864212330,134,0.0
2024-06-20 09:46:56.991,1.2714400000000001,1.2714400000000001,0.0,0,1718864216991,134,0.0
2024-06-20 09:46:57.147,1.27145,1.27145,0.0,0,1718864217147,134,0.0
2024-06-20 09:46:57.490,1.27146,1.27146,0.0,0,1718864217490,134,0.0
2024-06-20 09:46:57.591,1.2714699999999999,1.2714699999999999,0.0,0,1718864217591,134,0.0
2024-06-20 09:47:00.322,1.2714699999999999,1.2714699999999999,0.0,0,1718864220322,130,0.0
2024-06-20 09:47:02.417,1.27146,1.27146,0.0,0,1718864222417,134,0.0
2024-06-20 09:47:07.028,1.2714699999999999,1.2714699999999999,0.0,0,1718864227028,134,0.0
2024-06-20 09:47:09.121,1.27146,1.27146,0.0,0,1718864229121,134,0.0
2024-06-20 09:47:10.624,1.2714699999999999,1.2714699999999999,0.0,0,1718864230624,134,0.0
2024-06-20 09:47:17.047,1.27148,1.27148,0.0,0,1718864237047,134,0.0
2024-06-20 09:47:19.480,1.2714699999999999,1.2714699999999999,0.0,0,1718864239480,134,0.0
2024-06-20 09:47:19.676,1.27148,1.27148,0.0,0,1718864239676,134,0.0
2024-06-20 09:47:20.078,1.2714699999999999,1.2714699999999999,0.0,0,1718864240078,134,0.0
2024-06-20 09:47:20.378,1.27148,1.27148,0.0,0,1718864240378,134,0.0
2024-06-20 09:47:20.580,1.2714699999999999,1.2714699999999999,0.0,0,1718864240580,134,0.0
2024-06-20 09:47:21.081,1.27148,1.27148,0.0,0,1718864241081,134,0.0
2024-06-20 09:47:21.279,1.2714699999999999,1.2714699999999999,0.0,0,1718864241279,134,0.0
2024-06-20 09:47:21.998,1.27148,1.27148,0.0,0,1718864241998,134,0.0
2024-06-20 09:47:22.501,1.2714699999999999,1.2714699999999999,0.0,0,1718864242501,134,0.0
2024-06-20 09:47:26.153,1.27148,1.27148,0.0,0,1718864246153,134,0.0
2024-06-20 09:47:26.447,1.27149,1.27149,0.0,0,1718864246447,134,0.0
2024-06-20 09:47:26.537,1.27148,1.27148,0.0,0,1718864246537,134,0.0
2024-06-20 09:47:26.669,1.27149,1.27149,0.0,0,1718864246669,134,0.0
2024-06-20 09:47:26.958,1.27148,1.27148,0.0,0,1718864246958,134,0.0
2024-06-20 09:47:27.049,1.27149,1.27149,0.0,0,1718864247049,134,0.0
2024-06-20 09:47:27.164,1.27148,1.27148,0.0,0,1718864247164,134,0.0
2024-06-20 09:47:27.250,1.27149,1.27149,0.0,0,1718864247250,134,0.0
2024-06-20 09:47:27.669,1.2714699999999999,1.2714699999999999,0.0,0,1718864247669,134,0.0
2024-06-20 09:47:27.953,1.2714699999999999,1.27148,0.0,0,1718864247953,4,0.0
2024-06-20 09:47:28.158,1.2714699999999999,1.2714699999999999,0.0,0,1718864248158,4,0.0
2024-06-20 09:47:31.057,1.27148,1.27148,0.0,0,1718864251057,134,0.0
2024-06-20 09:47:33.885,1.2714699999999999,1.2714699999999999,0.0,0,1718864253885,134,0.0
2024-06-20 09:47:37.712,1.2714400000000001,1.2714400000000001,0.0,0,1718864257712,134,0.0
2024-06-20 09:47:43.574,1.27143,1.2714400000000001,0.0,0,1718864263574,130,0.0
2024-06-20 09:47:43.975,1.2714400000000001,1.2714400000000001,0.0,0,1718864263975,130,0.0
2024-06-20 09:47:46.236,1.27145,1.27145,0.0,0,1718864266236,134,0.0
2024-06-20 09:47:46.333,1.2714699999999999,1.2714699999999999,0.0,0,1718864266333,134,0.0
2024-06-20 09:47:46.633,1.27146,1.27146,0.0,0,1718864266633,134,0.0
2024-06-20 09:47:57.463,1.27145,1.27145,0.0,0,1718864277463,134,0.0
2024-06-20 09:47:57.759,1.27146,1.27146,0.0,0,1718864277759,134,0.0
2024-06-20 09:47:58.528,1.27145,1.27145,0.0,0,1718864278528,134,0.0
2024-06-20 09:47:59.316,1.27146,1.27146,0.0,0,1718864279316,134,0.0
2024-06-20 09:48:00.326,1.27146,1.27146,0.0,0,1718864280326,130,0.0
2024-06-20 09:48:13.688,1.2714699999999999,1.2714699999999999,0.0,0,1718864293688,134,0.0
2024-06-20 09:48:13.786,1.27146,1.27146,0.0,0,1718864293786,134,0.0
2024-06-20 09:48:22.123,1.2714699999999999,1.2714699999999999,0.0,0,1718864302123,134,0.0
2024-06-20 09:48:42.238,1.27148,1.27148,0.0,0,1718864322238,134,0.0
2024-06-20 09:48:42.470,1.2714699999999999,1.2714699999999999,0.0,0,1718864322470,134,0.0
2024-06-20 09:48:51.454,1.27148,1.27148,0.0,0,1718864331454,134,0.0
2024-06-20 09:48:58.012,1.2714699999999999,1.2714699999999999,0.0,0,1718864338012,134,0.0
2024-06-20 09:48:58.313,1.27148,1.27148,0.0,0,1718864338313,134,0.0
2024-06-20 09:49:00.124,1.27148,1.27148,0.0,0,1718864340124,130,0.0
2024-06-20 09:49:02.725,1.2714699999999999,1.2714699999999999,0.0,0,1718864342725,134,0.0
2024-06-20 09:49:14.559,1.27148,1.27148,0.0,0,1718864354559,134,0.0
2024-06-20 09:49:15.059,1.2714699999999999,1.2714699999999999,0.0,0,1718864355059,134,0.0
2024-06-20 09:49:18.818,1.27148,1.27148,0.0,0,1718864358818,134,0.0
2024-06-20 09:49:19.716,1.2714699999999999,1.2714699999999999,0.0,0,1718864359716,134,0.0
2024-06-20 09:49:21.028,1.27148,1.27148,0.0,0,1718864361028,134,0.0
2024-06-20 09:49:21.121,1.2714699999999999,1.2714699999999999,0.0,0,1718864361121,134,0.0
2024-06-20 09:49:24.123,1.27148,1.27148,0.0,0,1718864364123,134,0.0
2024-06-20 09:49:24.422,1.2714699999999999,1.2714699999999999,0.0,0,1718864364422,134,0.0
2024-06-20 09:49:25.019,1.27148,1.27148,0.0,0,1718864365019,134,0.0
2024-06-20 09:49:25.623,1.2714699999999999,1.2714699999999999,0.0,0,1718864365623,134,0.0
2024-06-20 09:49:25.821,1.27148,1.27148,0.0,0,1718864365821,134,0.0
2024-06-20 09:49:28.126,1.2714699999999999,1.2714699999999999,0.0,0,1718864368126,134,0.0
2024-06-20 09:49:30.237,1.27148,1.27148,0.0,0,1718864370237,134,0.0
2024-06-20 09:49:31.029,1.2714699999999999,1.2714699999999999,0.0,0,1718864371029,134,0.0
2024-06-20 09:49:31.128,1.27148,1.27148,0.0,0,1718864371128,134,0.0
2024-06-20 09:49:38.415,1.2714699999999999,1.2714699999999999,0.0,0,1718864378415,134,0.0
2024-06-20 09:49:44.317,1.27148,1.27148,0.0,0,1718864384317,134,0.0
2024-06-20 09:49:44.618,1.2714699999999999,1.2714699999999999,0.0,0,1718864384618,134,0.0
2024-06-20 09:49:53.232,1.27148,1.27148,0.0,0,1718864393232,134,0.0
2024-06-20 09:49:55.342,1.2714699999999999,1.2714699999999999,0.0,0,1718864395342,134,0.0
2024-06-20 09:50:00.112,1.2714699999999999,1.2714699999999999,0.0,0,1718864400112,130,0.0
2024-06-20 09:50:01.782,1.27148,1.27148,0.0,0,1718864401782,134,0.0
2024-06-20 09:50:01.975,1.2714699999999999,1.2714699999999999,0.0,0,1718864401975,134,0.0
2024-06-20 09:50:02.274,1.27146,1.27146,0.0,0,1718864402274,134,0.0
2024-06-20 09:50:02.573,1.2714699999999999,1.2714699999999999,0.0,0,1718864402573,134,0.0
2024-06-20 09:50:28.028,1.27148,1.27148,0.0,0,1718864428028,134,0.0
2024-06-20 09:50:28.326,1.2714699999999999,1.2714699999999999,0.0,0,1718864428326,134,0.0
2024-06-20 09:50:28.628,1.27148,1.27148,0.0,0,1718864428628,134,0.0
2024-06-20 09:50:28.928,1.2714699999999999,1.2714699999999999,0.0,0,1718864428928,134,0.0
2024-06-20 09:50:54.106,1.27146,1.27146,0.0,0,1718864454106,134,0.0
2024-06-20 09:50:54.714,1.27145,1.27145,0.0,0,1718864454714,134,0.0
2024-06-20 09:50:55.008,1.27146,1.27146,0.0,0,1718864455008,134,0.0
2024-06-20 09:50:55.309,1.27145,1.27145,0.0,0,1718864455309,134,0.0
2024-06-20 09:50:55.911,1.2714400000000001,1.27145,0.0,0,1718864455911,130,0.0
2024-06-20 09:50:56.016,1.2714400000000001,1.2714400000000001,0.0,0,1718864456016,4,0.0
2024-06-20 09:50:57.555,1.27145,1.27145,0.0,0,1718864457555,134,0.0
2024-06-20 09:50:57.722,1.27146,1.27146,0.0,0,1718864457722,134,0.0
2024-06-20 09:50:57.920,1.27145,1.27145,0.0,0,1718864457920,134,0.0
2024-06-20 09:50:59.031,1.27146,1.27146,0.0,0,1718864459031,134,0.0
2024-06-20 09:50:59.223,1.27145,1.27145,0.0,0,1718864459223,134,0.0
2024-06-20 09:51:00.024,1.27145,1.27145,0.0,0,1718864460024,130,0.0
2024-06-20 09:51:00.228,1.27146,1.27146,0.0,0,1718864460228,134,0.0
2024-06-20 09:51:00.653,1.27145,1.27145,0.0,0,1718864460653,134,0.0
2024-06-20 09:51:01.231,1.27146,1.27146,0.0,0,1718864461231,134,0.0
2024-06-20 09:51:02.027,1.27145,1.27145,0.0,0,1718864462027,134,0.0
2024-06-20 09:51:18.951,1.2714400000000001,1.2714400000000001,0.0,0,1718864478951,134,0.0
2024-06-20 09:51:19.047,1.27145,1.27145,0.0,0,1718864479047,134,0.0
2024-06-20 09:51:39.105,1.2714400000000001,1.2714400000000001,0.0,0,1718864499105,134,0.0
2024-06-20 09:51:40.592,1.27145,1.27145,0.0,0,1718864500592,134,0.0
2024-06-20 09:51:50.277,1.2714400000000001,1.2714400000000001,0.0,0,1718864510277,134,0.0
2024-06-20 09:51:50.377,1.27145,1.27145,0.0,0,1718864510377,134,0.0
2024-06-20 09:51:56.796,1.27146,1.27146,0.0,0,1718864516796,134,0.0
2024-06-20 09:52:00.125,1.27145,1.27145,0.0,0,1718864520125,134,0.0
2024-06-20 09:52:01.828,1.27146,1.27146,0.0,0,1718864521828,134,0.0
2024-06-20 09:52:05.433,1.27145,1.27145,0.0,0,1718864525433,134,0.0
2024-06-20 09:52:09.473,1.27143,1.27143,0.0,0,1718864529473,134,0.0
2024-06-20 09:52:09.642,1.27142,1.27142,0.0,0,1718864529642,134,0.0
2024-06-20 09:52:11.440,1.27143,1.27143,0.0,0,1718864531440,134,0.0
2024-06-20 09:52:14.645,1.27142,1.27142,0.0,0,1718864534645,134,0.0
2024-06-20 09:52:15.142,1.27143,1.27143,0.0,0,1718864535142,134,0.0
2024-06-20 09:52:17.249,1.2714400000000001,1.2714400000000001,0.0,0,1718864537249,134,0.0
2024-06-20 09:52:27.462,1.27145,1.27145,0.0,0,1718864547462,134,0.0
2024-06-20 09:52:28.772,1.27146,1.27146,0.0,0,1718864548772,134,0.0
2024-06-20 09:52:37.195,1.27145,1.27145,0.0,0,1718864557195,134,0.0
2024-06-20 09:52:41.511,1.27146,1.27146,0.0,0,1718864561511,134,0.0
2024-06-20 09:52:42.010,1.2714699999999999,1.2714699999999999,0.0,0,1718864562010,134,0.0
2024-06-20 09:52:43.150,1.27146,1.27146,0.0,0,1718864563150,134,0.0
2024-06-20 09:52:44.050,1.2714699999999999,1.2714699999999999,0.0,0,1718864564050,134,0.0
2024-06-20 09:52:45.974,1.27146,1.27146,0.0,0,1718864565974,134,0.0
2024-06-20 09:52:46.072,1.27146,1.2714699999999999,0.0,0,1718864566072,4,0.0
2024-06-20 09:52:46.471,1.2714699999999999,1.2714699999999999,0.0,0,1718864566471,130,0.0
2024-06-20 09:52:49.578,1.27146,1.2714699999999999,0.0,0,1718864569578,130,0.0
2024-06-20 09:52:53.693,1.27146,1.27146,0.0,0,1718864573693,4,0.0
2024-06-20 09:52:53.997,1.2714699999999999,1.2714699999999999,0.0,0,1718864573997,134,0.0
2024-06-20 09:52:54.792,1.27146,1.2714699999999999,0.0,0,1718864574792,130,0.0
2024-06-20 09:52:54.894,1.27146,1.27146,0.0,0,1718864574894,4,0.0
2024-06-20 09:52:54.991,1.2714699999999999,1.2714699999999999,0.0,0,1718864574991,134,0.0
2024-06-20 09:52:56.197,1.27146,1.27146,0.0,0,1718864576197,134,0.0
2024-06-20 09:52:56.395,1.27146,1.2714699999999999,0.0,0,1718864576395,4,0.0
2024-06-20 09:52:57.297,1.27146,1.27146,0.0,0,1718864577297,4,0.0
2024-06-20 09:52:59.203,1.27146,1.2714699999999999,0.0,0,1718864579203,4,0.0
2024-06-20 09:52:59.505,1.27146,1.27146,0.0,0,1718864579505,4,0.0
2024-06-20 09:53:00.418,1.27146,1.27146,0.0,0,1718864580418,130,0.0
2024-06-20 09:53:01.004,1.2714699999999999,1.2714699999999999,0.0,0,1718864581004,134,0.0
2024-06-20 09:53:05.211,1.2714699999999999,1.27148,0.0,0,1718864585211,4,0.0
2024-06-20 09:53:05.709,1.2714699999999999,1.2714699999999999,0.0,0,1718864585709,4,0.0
2024-06-20 09:53:05.911,1.2714699999999999,1.27148,0.0,0,1718864585911,4,0.0
2024-06-20 09:53:06.211,1.2714699999999999,1.2714699999999999,0.0,0,1718864586211,4,0.0
2024-06-20 09:53:16.359,1.27146,1.27146,0.0,0,1718864596359,134,0.0
2024-06-20 09:53:16.560,1.2714699999999999,1.2714699999999999,0.0,0,1718864596560,134,0.0
2024-06-20 09:53:18.521,1.27146,1.27146,0.0,0,1718864598521,134,0.0
2024-06-20 09:53:18.721,1.2714699999999999,1.2714699999999999,0.0,0,1718864598721,134,0.0
2024-06-20 09:53:19.021,1.27146,1.27146,0.0,0,1718864599021,134,0.0
2024-06-20 09:53:20.521,1.2714699999999999,1.2714699999999999,0.0,0,1718864600521,134,0.0
2024-06-20 09:53:20.724,1.27146,1.27146,0.0,0,1718864600724,134,0.0
2024-06-20 09:53:21.131,1.27143,1.27143,0.0,0,1718864601131,134,0.0
2024-06-20 09:53:21.229,1.27141,1.27141,0.0,0,1718864601229,134,0.0
2024-06-20 09:53:21.331,1.2713999999999999,1.2713999999999999,0.0,0,1718864601331,134,0.0
2024-06-20 09:53:21.632,1.27141,1.27141,0.0,0,1718864601632,134,0.0
2024-06-20 09:53:21.831,1.2713999999999999,1.2713999999999999,0.0,0,1718864601831,134,0.0
2024-06-20 09:53:22.227,1.27141,1.27141,0.0,0,1718864602227,134,0.0
2024-06-20 09:53:22.328,1.2713999999999999,1.2713999999999999,0.0,0,1718864602328,134,0.0
2024-06-20 09:53:23.333,1.27141,1.27141,0.0,0,1718864603333,134,0.0
2024-06-20 09:53:23.529,1.2713999999999999,1.2713999999999999,0.0,0,1718864603529,134,0.0
2024-06-20 09:53:23.729,1.27141,1.27141,0.0,0,1718864603729,134,0.0
2024-06-20 09:53:24.029,1.2713999999999999,1.2713999999999999,0.0,0,1718864604029,134,0.0
2024-06-20 09:53:24.328,1.27141,1.27141,0.0,0,1718864604328,134,0.0
2024-06-20 09:53:24.836,1.2713999999999999,1.2713999999999999,0.0,0,1718864604836,134,0.0
2024-06-20 09:53:25.034,1.27141,1.27141,0.0,0,1718864605034,134,0.0
2024-06-20 09:53:25.531,1.2713999999999999,1.2713999999999999,0.0,0,1718864605531,134,0.0
2024-06-20 09:53:25.830,1.27141,1.27141,0.0,0,1718864605830,134,0.0
2024-06-20 09:53:26.737,1.2713999999999999,1.2713999999999999,0.0,0,1718864606737,134,0.0
2024-06-20 09:53:29.644,1.27145,1.27145,0.0,0,1718864609644,134,0.0
2024-06-20 09:53:30.340,1.2714699999999999,1.2714699999999999,0.0,0,1718864610340,134,0.0
2024-06-20 09:53:30.638,1.27148,1.27148,0.0,0,1718864610638,134,0.0
2024-06-20 09:53:31.640,1.2714699999999999,1.27148,0.0,0,1718864611640,130,0.0
2024-06-20 09:53:33.769,1.2714699999999999,1.2714699999999999,0.0,0,1718864613769,4,0.0
2024-06-20 09:53:33.969,1.2714699999999999,1.27148,0.0,0,1718864613969,4,0.0
2024-06-20 09:53:36.170,1.2714699999999999,1.2714699999999999,0.0,0,1718864616170,4,0.0
2024-06-20 09:53:36.372,1.2714699999999999,1.27148,0.0,0,1718864616372,4,0.0
2024-06-20 09:53:39.772,1.2714699999999999,1.2714699999999999,0.0,0,1718864619772,4,0.0
2024-06-20 09:53:41.003,1.2714699999999999,1.27148,0.0,0,1718864621003,4,0.0
2024-06-20 09:53:42.604,1.2714699999999999,1.2714699999999999,0.0,0,1718864622604,4,0.0
2024-06-20 09:53:43.410,1.2714699999999999,1.27148,0.0,0,1718864623410,4,0.0
2024-06-20 09:53:45.216,1.2714699999999999,1.2714699999999999,0.0,0,1718864625216,4,0.0
2024-06-20 09:53:45.410,1.2714699999999999,1.27148,0.0,0,1718864625410,4,0.0
2024-06-20 09:53:45.710,1.2714699999999999,1.2714699999999999,0.0,0,1718864625710,4,0.0
2024-06-20 09:53:45.909,1.2714699999999999,1.27148,0.0,0,1718864625909,4,0.0
2024-06-20 09:53:46.208,1.2714699999999999,1.2714699999999999,0.0,0,1718864626208,4,0.0
2024-06-20 09:53:47.714,1.2714699999999999,1.27148,0.0,0,1718864627714,4,0.0
2024-06-20 09:53:48.013,1.2714699999999999,1.2714699999999999,0.0,0,1718864628013,4,0.0
2024-06-20 09:53:48.217,1.27148,1.27148,0.0,0,1718864628217,134,0.0
2024-06-20 09:53:48.314,1.2715,1.2715,0.0,0,1718864628314,134,0.0
2024-06-20 09:53:54.775,1.27149,1.27149,0.0,0,1718864634775,134,0.0
2024-06-20 09:53:58.082,1.2715,1.2715,0.0,0,1718864638082,134,0.0
2024-06-20 09:54:00.209,1.2715,1.2715,0.0,0,1718864640209,130,0.0
2024-06-20 09:54:12.192,1.27149,1.2715,0.0,0,1718864652192,130,0.0
2024-06-20 09:54:12.891,1.27149,1.27149,0.0,0,1718864652891,4,0.0
2024-06-20 09:54:13.495,1.27149,1.2715,0.0,0,1718864653495,4,0.0
2024-06-20 09:54:13.591,1.27149,1.27149,0.0,0,1718864653591,4,0.0
2024-06-20 09:54:14.295,1.27149,1.2715,0.0,0,1718864654295,4,0.0
2024-06-20 09:54:15.097,1.2715,1.27151,0.0,0,1718864655097,134,0.0
2024-06-20 09:54:15.196,1.27151,1.27151,0.0,0,1718864655196,130,0.0
2024-06-20 09:54:19.722,1.2715,1.27151,0.0,0,1718864659722,130,0.0
2024-06-20 09:54:19.919,1.27151,1.27151,0.0,0,1718864659919,130,0.0
2024-06-20 09:54:24.236,1.2715,1.27151,0.0,0,1718864664236,130,0.0
2024-06-20 09:54:26.338,1.2715,1.2715,0.0,0,1718864666338,4,0.0
2024-06-20 09:54:27.436,1.2715,1.27151,0.0,0,1718864667436,4,0.0
2024-06-20 09:54:27.646,1.27149,1.27149,0.0,0,1718864667646,134,0.0
2024-06-20 09:54:27.840,1.2715,1.2715,0.0,0,1718864667840,134,0.0
2024-06-20 09:54:27.937,1.27151,1.27151,0.0,0,1718864667937,134,0.0
2024-06-20 09:54:32.667,1.27149,1.27149,0.0,0,1718864672667,134,0.0
2024-06-20 09:54:32.768,1.27148,1.27148,0.0,0,1718864672768,134,0.0
2024-06-20 09:54:32.867,1.2715,1.2715,0.0,0,1718864672867,134,0.0
2024-06-20 09:54:32.964,1.27151,1.27151,0.0,0,1718864672964,134,0.0
2024-06-20 09:54:37.205,1.27149,1.27149,0.0,0,1718864677205,134,0.0
2024-06-20 09:54:37.308,1.27148,1.27148,0.0,0,1718864677308,134,0.0
2024-06-20 09:54:37.405,1.27149,1.27149,0.0,0,1718864677405,134,0.0
2024-06-20 09:54:37.605,1.2715,1.2715,0.0,0,1718864677605,134,0.0
2024-06-20 09:54:37.708,1.27151,1.27151,0.0,0,1718864677708,134,0.0
2024-06-20 09:54:39.414,1.2715,1.2715,0.0,0,1718864679414,134,0.0
2024-06-20 09:54:40.609,1.27151,1.27151,0.0,0,1718864680609,134,0.0
2024-06-20 09:54:43.615,1.2715,1.2715,0.0,0,1718864683615,134,0.0
2024-06-20 09:54:44.512,1.2715,1.27151,0.0,0,1718864684512,4,0.0
2024-06-20 09:54:44.610,1.27151,1.27151,0.0,0,1718864684610,130,0.0
2024-06-20 09:54:47.119,1.27149,1.27149,0.0,0,1718864687119,134,0.0
2024-06-20 09:54:47.215,1.27148,1.27148,0.0,0,1718864687215,134,0.0
2024-06-20 09:54:47.315,1.27149,1.27149,0.0,0,1718864687315,134,0.0
2024-06-20 09:54:47.417,1.2715,1.2715,0.0,0,1718864687417,134,0.0
2024-06-20 09:54:47.717,1.27151,1.27151,0.0,0,1718864687717,134,0.0
2024-06-20 09:54:49.224,1.2715,1.2715,0.0,0,1718864689224,134,0.0
2024-06-20 09:54:49.629,1.27151,1.27151,0.0,0,1718864689629,134,0.0
2024-06-20 09:54:49.726,1.2715,1.2715,0.0,0,1718864689726,134,0.0
2024-06-20 09:55:00.054,1.2715,1.2715,0.0,0,1718864700054,130,0.0
2024-06-20 09:55:01.052,1.27151,1.27151,0.0,0,1718864701052,134,0.0
2024-06-20 09:55:36.871,1.27149,1.27149,0.0,0,1718864736871,134,0.0
2024-06-20 09:55:36.968,1.27148,1.27148,0.0,0,1718864736968,134,0.0
2024-06-20 09:55:44.748,1.27149,1.27149,0.0,0,1718864744748,134,0.0
2024-06-20 09:55:44.940,1.27149,1.2715,0.0,0,1718864744940,4,0.0
2024-06-20 09:55:46.237,1.27149,1.27149,0.0,0,1718864746237,4,0.0
2024-06-20 09:55:46.542,1.27149,1.2715,0.0,0,1718864746542,4,0.0
2024-06-20 09:55:46.740,1.27148,1.27148,0.0,0,1718864746740,134,0.0
2024-06-20 09:55:59.912,1.2714699999999999,1.2714699999999999,0.0,0,1718864759912,134,0.0
2024-06-20 09:56:00.014,1.2714699999999999,1.2714699999999999,0.0,0,1718864760014,130,0.0
2024-06-20 09:56:11.354,1.27148,1.27148,0.0,0,1718864771354,134,0.0
2024-06-20 09:56:20.726,1.2714699999999999,1.2714699999999999,0.0,0,1718864780726,134,0.0
2024-06-20 09:56:22.762,1.2715,1.2715,0.0,0,1718864782762,134,0.0
2024-06-20 09:56:25.869,1.27149,1.27149,0.0,0,1718864785869,134,0.0
2024-06-20 09:56:34.505,1.2715,1.2715,0.0,0,1718864794505,134,0.0
2024-06-20 09:56:37.825,1.27148,1.27148,0.0,0,1718864797825,134,0.0
2024-06-20 09:56:45.130,1.27149,1.27149,0.0,0,1718864805130,134,0.0
2024-06-20 09:57:00.128,1.2715,1.2715,0.0,0,1718864820128,134,0.0
2024-06-20 09:57:00.217,1.27149,1.27149,0.0,0,1718864820217,134,0.0
2024-06-20 09:57:01.012,1.27148,1.27148,0.0,0,1718864821012,134,0.0
2024-06-20 09:57:25.587,1.27149,1.27149,0.0,0,1718864845587,134,0.0
2024-06-20 09:57:31.655,1.2715,1.2715,0.0,0,1718864851655,134,0.0
2024-06-20 09:57:41.684,1.27149,1.27149,0.0,0,1718864861684,134,0.0
2024-06-20 09:57:41.783,1.27148,1.27148,0.0,0,1718864861783,134,0.0
2024-06-20 09:57:49.568,1.27149,1.27149,0.0,0,1718864869568,134,0.0
2024-06-20 09:57:49.667,1.2715,1.2715,0.0,0,1718864869667,134,0.0
2024-06-20 09:57:49.864,1.27149,1.27149,0.0,0,1718864869864,134,0.0
2024-06-20 09:57:50.971,1.2715,1.2715,0.0,0,1718864870971,134,0.0
2024-06-20 09:58:00.064,1.2715,1.2715,0.0,0,1718864880064,130,0.0
2024-06-20 09:58:00.161,1.27151,1.27151,0.0,0,1718864880161,134,0.0
2024-06-20 09:58:00.272,1.2715,1.2715,0.0,0,1718864880272,134,0.0
2024-06-20 09:58:00.572,1.27151,1.27151,0.0,0,1718864880572,134,0.0
2024-06-20 09:58:12.313,1.27152,1.27152,0.0,0,1718864892313,134,0.0
2024-06-20 09:58:12.612,1.27151,1.27151,0.0,0,1718864892612,134,0.0
2024-06-20 09:58:15.630,1.27148,1.27148,0.0,0,1718864895630,134,0.0
2024-06-20 09:58:15.823,1.2714699999999999,1.2714699999999999,0.0,0,1718864895823,134,0.0
2024-06-20 09:58:19.560,1.27148,1.27148,0.0,0,1718864899560,134,0.0
2024-06-20 09:58:27.764,1.2714699999999999,1.2714699999999999,0.0,0,1718864907764,134,0.0
2024-06-20 09:58:32.901,1.27148,1.27148,0.0,0,1718864912901,134,0.0
2024-06-20 09:58:40.632,1.27149,1.27149,0.0,0,1718864920632,134,0.0
2024-06-20 09:58:40.729,1.2715,1.2715,0.0,0,1718864920729,134,0.0
2024-06-20 09:58:49.032,1.27151,1.27151,0.0,0,1718864929032,134,0.0
2024-06-20 09:58:51.035,1.2715,1.2715,0.0,0,1718864931035,134,0.0
2024-06-20 09:58:51.234,1.27149,1.27149,0.0,0,1718864931234,134,0.0
2024-06-20 09:58:51.535,1.2715,1.2715,0.0,0,1718864931535,134,0.0
2024-06-20 09:58:58.457,1.27149,1.27149,0.0,0,1718864938457,134,0.0
2024-06-20 09:58:58.961,1.2715,1.2715,0.0,0,1718864938961,134,0.0
2024-06-20 09:59:00.058,1.2715,1.2715,0.0,0,1718864940058,130,0.0
2024-06-20 09:59:07.172,1.27149,1.2715,0.0,0,1718864947172,130,0.0
2024-06-20 09:59:07.272,1.27149,1.27149,0.0,0,1718864947272,4,0.0
2024-06-20 09:59:09.273,1.2715,1.2715,0.0,0,1718864949273,134,0.0
2024-06-20 09:59:10.071,1.27149,1.27149,0.0,0,1718864950071,134,0.0
2024-06-20 09:59:10.172,1.2715,1.2715,0.0,0,1718864950172,134,0.0
2024-06-20 09:59:12.212,1.27149,1.27149,0.0,0,1718864952212,134,0.0
2024-06-20 09:59:12.409,1.2715,1.2715,0.0,0,1718864952409,134,0.0
2024-06-20 09:59:12.608,1.27149,1.27149,0.0,0,1718864952608,134,0.0
2024-06-20 09:59:12.709,1.2715,1.2715,0.0,0,1718864952709,134,0.0
2024-06-20 09:59:13.309,1.27149,1.27149,0.0,0,1718864953309,134,0.0
2024-06-20 09:59:18.752,1.27148,1.27148,0.0,0,1718864958752,134,0.0
2024-06-20 09:59:28.185,1.2714699999999999,1.2714699999999999,0.0,0,1718864968185,134,0.0
2024-06-20 09:59:28.490,1.27148,1.27148,0.0,0,1718864968490,134,0.0
2024-06-20 09:59:28.688,1.27149,1.27149,0.0,0,1718864968688,134,0.0
2024-06-20 09:59:33.804,1.27148,1.27148,0.0,0,1718864973804,134,0.0
2024-06-20 09:59:36.306,1.27149,1.27149,0.0,0,1718864976306,134,0.0
2024-06-20 09:59:36.812,1.2715,1.2715,0.0,0,1718864976812,134,0.0
2024-06-20 09:59:55.012,1.27151,1.27151,0.0,0,1718864995012,134,0.0
2024-06-20 10:00:00.043,1.27151,1.27151,0.0,0,1718865000043,130,0.0
2024-06-20 10:00:00.355,1.27152,1.27152,0.0,0,1718865000355,134,0.0
2024-06-20 10:00:01.538,1.27151,1.27151,0.0,0,1718865001538,134,0.0
2024-06-20 10:00:11.118,1.2715,1.2715,0.0,0,1718865011118,134,0.0
2024-06-20 10:00:11.321,1.27148,1.27148,0.0,0,1718865011321,134,0.0
2024-06-20 10:00:11.519,1.27149,1.27149,0.0,0,1718865011519,134,0.0
2024-06-20 10:00:11.618,1.2715,1.2715,0.0,0,1718865011618,134,0.0
2024-06-20 10:00:18.204,1.27149,1.27149,0.0,0,1718865018204,134,0.0
2024-06-20 10:00:18.303,1.27148,1.27148,0.0,0,1718865018303,134,0.0
2024-06-20 10:00:18.407,1.2714699999999999,1.2714699999999999,0.0,0,1718865018407,134,0.0
2024-06-20 10:00:24.411,1.27146,1.27146,0.0,0,1718865024411,134,0.0
2024-06-20 10:00:30.723,1.27145,1.27145,0.0,0,1718865030723,134,0.0
2024-06-20 10:00:31.224,1.27146,1.27146,0.0,0,1718865031224,134,0.0
2024-06-20 10:00:31.426,1.27145,1.27145,0.0,0,1718865031426,134,0.0
2024-06-20 10:00:31.830,1.27146,1.27146,0.0,0,1718865031830,134,0.0
2024-06-20 10:00:32.025,1.27145,1.27145,0.0,0,1718865032025,134,0.0
2024-06-20 10:00:32.827,1.27146,1.27146,0.0,0,1718865032827,134,0.0
2024-06-20 10:00:32.928,1.27145,1.27145,0.0,0,1718865032928,134,0.0
2024-06-20 10:00:33.827,1.27146,1.27146,0.0,0,1718865033827,134,0.0
2024-06-20 10:00:33.926,1.27145,1.27145,0.0,0,1718865033926,134,0.0
2024-06-20 10:00:34.366,1.2713999999999999,1.2713999999999999,0.0,0,1718865034366,134,0.0
2024-06-20 10:00:34.833,1.27139,1.27139,0.0,0,1718865034833,134,0.0
2024-06-20 10:00:37.837,1.27138,1.27138,0.0,0,1718865037837,134,0.0
2024-06-20 10:00:37.951,1.27139,1.27139,0.0,0,1718865037951,134,0.0
2024-06-20 10:00:40.244,1.27138,1.27138,0.0,0,1718865040244,134,0.0
2024-06-20 10:00:40.749,1.27139,1.27139,0.0,0,1718865040749,134,0.0
2024-06-20 10:00:40.951,1.2713999999999999,1.2713999999999999,0.0,0,1718865040951,134,0.0
2024-06-20 10:00:55.688,1.27138,1.27138,0.0,0,1718865055688,134,0.0
2024-06-20 10:01:00.184,1.27138,1.27138,0.0,0,1718865060184,130,0.0
2024-06-20 10:01:02.292,1.27139,1.27139,0.0,0,1718865062292,134,0.0
2024-06-20 10:01:03.687,1.27138,1.27138,0.0,0,1718865063687,134,0.0
2024-06-20 10:01:05.692,1.27139,1.27139,0.0,0,1718865065692,134,0.0
2024-06-20 10:01:05.995,1.27138,1.27138,0.0,0,1718865065995,134,0.0
2024-06-20 10:01:06.399,1.27139,1.27139,0.0,0,1718865066399,134,0.0
2024-06-20 10:01:08.895,1.2713999999999999,1.2713999999999999,0.0,0,1718865068895,134,0.0
2024-06-20 10:01:15.241,1.27139,1.27139,0.0,0,1718865075241,134,0.0
2024-06-20 10:01:15.391,1.27138,1.27138,0.0,0,1718865075391,134,0.0
2024-06-20 10:01:15.587,1.27139,1.27139,0.0,0,1718865075587,134,0.0
2024-06-20 10:01:15.888,1.27138,1.27138,0.0,0,1718865075888,134,0.0
2024-06-20 10:01:23.606,1.2713700000000001,1.2713700000000001,0.0,0,1718865083606,134,0.0
2024-06-20 10:01:25.584,1.27138,1.27138,0.0,0,1718865085584,134,0.0
2024-06-20 10:01:26.684,1.2713700000000001,1.2713700000000001,0.0,0,1718865086684,134,0.0
2024-06-20 10:01:26.990,1.27138,1.27138,0.0,0,1718865086990,134,0.0
2024-06-20 10:01:28.804,1.2713700000000001,1.2713700000000001,0.0,0,1718865088804,134,0.0
2024-06-20 10:01:48.117,1.27136,1.2713700000000001,0.0,0,1718865108117,130,0.0
2024-06-20 10:01:48.217,1.27136,1.27136,0.0,0,1718865108217,4,0.0
2024-06-20 10:01:48.412,1.27135,1.27135,0.0,0,1718865108412,134,0.0
2024-06-20 10:01:48.810,1.27136,1.27136,0.0,0,1718865108810,134,0.0
2024-06-20 10:01:49.110,1.27135,1.27135,0.0,0,1718865109110,134,0.0
2024-06-20 10:01:57.856,1.27136,1.27136,0.0,0,1718865117856,134,0.0
2024-06-20 10:01:58.056,1.27136,1.2713700000000001,0.0,0,1718865118056,4,0.0
2024-06-20 10:01:58.256,1.27136,1.27136,0.0,0,1718865118256,4,0.0
2024-06-20 10:01:58.458,1.27136,1.2713700000000001,0.0,0,1718865118458,4,0.0
2024-06-20 10:01:58.657,1.27136,1.27136,0.0,0,1718865118657,4,0.0
2024-06-20 10:01:59.857,1.2713700000000001,1.2713700000000001,0.0,0,1718865119857,134,0.0
2024-06-20 10:02:00.062,1.27136,1.27136,0.0,0,1718865120062,134,0.0
2024-06-20 10:02:05.065,1.2713700000000001,1.2713700000000001,0.0,0,1718865125065,134,0.0
2024-06-20 10:02:05.366,1.27136,1.27136,0.0,0,1718865125366,134,0.0
2024-06-20 10:02:07.770,1.27135,1.27135,0.0,0,1718865127770,134,0.0
2024-06-20 10:02:09.074,1.27136,1.27136,0.0,0,1718865129074,134,0.0
2024-06-20 10:02:10.677,1.27135,1.27135,0.0,0,1718865130677,134,0.0
2024-06-20 10:02:14.186,1.27136,1.27136,0.0,0,1718865134186,134,0.0
2024-06-20 10:02:14.377,1.27135,1.27135,0.0,0,1718865134377,134,0.0
2024-06-20 10:02:15.384,1.27136,1.27136,0.0,0,1718865135384,134,0.0
2024-06-20 10:02:15.481,1.27135,1.27135,0.0,0,1718865135481,134,0.0
2024-06-20 10:02:15.685,1.27136,1.27136,0.0,0,1718865135685,134,0.0
2024-06-20 10:02:15.778,1.2713700000000001,1.2713700000000001,0.0,0,1718865135778,134,0.0
2024-06-20 10:02:16.080,1.27136,1.27136,0.0,0,1718865136080,134,0.0
2024-06-20 10:02:17.779,1.27135,1.27135,0.0,0,1718865137779,134,0.0
2024-06-20 10:02:18.079,1.27136,1.27136,0.0,0,1718865138079,134,0.0
2024-06-20 10:02:20.307,1.2713700000000001,1.2713700000000001,0.0,0,1718865140307,134,0.0
2024-06-20 10:02:20.904,1.27136,1.27136,0.0,0,1718865140904,134,0.0
2024-06-20 10:02:27.975,1.2713700000000001,1.2713700000000001,0.0,0,1718865147975,134,0.0
2024-06-20 10:02:29.081,1.27136,1.27136,0.0,0,1718865149081,134,0.0
2024-06-20 10:02:30.681,1.27135,1.27135,0.0,0,1718865150681,134,0.0
2024-06-20 10:02:30.982,1.27136,1.27136,0.0,0,1718865150982,134,0.0
2024-06-20 10:02:40.011,1.2713700000000001,1.2713700000000001,0.0,0,1718865160011,134,0.0
2024-06-20 10:02:40.205,1.27136,1.27136,0.0,0,1718865160205,134,0.0
2024-06-20 10:02:40.506,1.27135,1.27135,0.0,0,1718865160506,134,0.0
